3067 4975
747 398 826 473 v.
876 397 994 471 De
1043 417 1132 466 re
1166 371 1486 494 publica
1532 387 2130 466 Athamanum.
2360 390 2504 462 169

329 563 864 680 quaesiverunt
889 577 986 667 6).
1087 577 1441 649 Ceterum
1498 573 1618 644 ius
1683 572 1977 670 imperii
2024 596 2176 740 ¹per
2214 570 2504 647 -hornm

327 678 805 748 certaminum
859 673 1495 769 opportunitatem
1545 666 1642 741 ab
1682 669 2022 766 Eupatrie
2056 673 2117 741 is
2167 670 2506 745 nonnihil

324 776 788 846 imminutum
840 776 917 840 et
966 771 1240 840 rationi
1296 763 1723 839 reddendae
1752 765 2189 839 adstrictum
2221 767 2311 859 ⁷),
2362 793 2501 839 no-

327 893 643 967 menque
722 872 962 964 ipsum
1042 866 1252 961 regis
1315 859 1672 936 abolitum
1742 867 1818 934 et
1880 887 2046 933 cum
2119 864 2506 937 arclnontis

325 970 624 1038 nomine
688 967 1216 1035 commutatum
1278 968 1396 1033 est
1421 960 1515 1055 ⁸).
1632 959 1814 1031 Fuit
1877 960 2116 1032 tamen
2182 958 2503 1033 archon-

323 1065 480 1137 tum
543 1059 873 1159 dignitas
936 1065 1305 1155 perpetua
1360 1061 1435 1129 et
1495 1053 1987 1145 hereditaria,
2059 1061 2502 1154 permansit-

323 1185 470 1260 que
545 1155 742 1256 apud
806 1153 1192 1228 Medontis
1264 1155 1617 1253 posteros
1679 1176 1819 1250 per
1882 1153 2266 1229 CCCXVI
2343 1152 2506 1230 sere

325 1279 609 1328 annos:
663 1253 831 1325 dein
886 1248 1319 1324 decennalis
1369 1249 1572 1323 sacta
1596 1252 1665 1347 9)
1718 1247 1850 1322 sed
1880 1248 2337 1323 Medontielis
2387 1253 2505 1323 ta-

324 1377 495 1425 men
563 1353 878 1448 propria
940 1346 1207 1420 relicta
1255 1372 1493 1447 usque
1559 1347 1651 1419 ad
1709 1348 2283 1444 Hippomenem,
2399 1373 2504 1422 uo

323 1451 641 1547 propter
691 1443 1210 1518 crudelitatem
1260 1449 1511 1516 amoto
1566 1441 1813 1514 aditus
1841 1442 1934 1514 ad
1972 1468 2334 1517 summum
2418 1470 2504 1517 o-

323 1568 588 1617 norem
631 1540 978 1613 omnibus
1020 1537 1432 1638 cupatridis
1472 1544 1758 1637 pariter
1796 1537 2224 1636 patefactus
2251 1543 2514 1633 est¹⁰)..

325 1643 517 1713 Mox
571 1638 738 1712 dein
794 1636 1111 1710 divisum
1161 1639 1359 1709 inter
1390 1661 1654 1708 norem
1685 1634 2093 1711 archontes
2119 1641 2506 1735 imperinm

327 1739 403 1810 et
452 1760 780 1808 annuum
833 1758 931 1806 ex
981 1731 1370 1805 decennali
1421 1732 1698 1805 sactum
1754 1737 1872 1805 est
1899 1735 2013 1823 ¹¹¹).
2114 1737 2229 1807 lta
2283 1760 2505 1835 quum

324 1831 702 1931 gradatim
756 1830 1174 1902 nobilitatis
1221 1833 1566 1927 potentia
1617 1837 2030 1922 cresceret,
2096 1830 2341 1928 plebis
2390 1835 2498 1904 in.

323 1932 550 2001 terim.
591 1932 708 2001 ins
761 1932 838 2000 et
887 1925 1515 2001 condicio,nihilo
1568 1924 1838 1998 melior
1889 1931 2021 1998 aut
2085 1929 2308 2000 etiam
2372 1927 2504 2002 ‹le-

324 2029 561 2098 terior
622 2024 825 2098 sacta
888 2028 1029 2097 est.
1141 2024 1336 2096 Nam
1399 2020 1821 2095 honoribus
1896 2028 1971 2095 et
2030 2023 2504 2098 administra-

324 2126 531 2195 tione
611 2126 717 2194 rei
780 2118 1124 2220 publicae
1198 2120 1489 2192 exclusi
1568 2122 1645 2193 et
1722 2116 2105 2193 nobilibus
2188 2119 2506 2196 obnoxii

327 2226 575 2310 erant,
638 2222 761 2318 qui
824 2223 899 2291 in
966 2216 1542 2312 magistratibus
1602 2212 1809 2288 nu'llo
1872 2221 2321 2316 scriptarum
2394 2218 2503 2292 le-

323 2342 503 2415 gum
571 2312 788 2389 freno
856 2318 1167 2387 coerciti
1231 2317 1350 2387 ius
1419 2336 1515 2386 ex
1580 2310 1897 2385 arbitrio
1959 2312 2383 2390 reddebant
2409 2316 2503 2410 ¹²)

324 2437 631 2583 Eemqute
680 2411 1050 2582 pttlblljcazn
1104 2409 1463 2581 αἰάειιιιιιη
1517 2414 1780 2578 suique
1825 2408 2504 2587 prgimslcssmmo}

377 2536 497 2584 um
610 2535 740 2581 rac
779 2539 819 2580 a
879 2536 975 2581 an
1014 2564 1032 2582 .
1355 2534 1476 2580 noc
1631 2533 1846 2580 urim:
1979 2536 2019 2582 e
2164 2538 2202 2582 e
2259 2538 2301 2584 e
2363 2540 2465 2587 -an

326 2634 503 2681 aere
568 2609 814 2678 alieno
878 2610 1009 2677 aut
1086 2609 1355 2678 iniuria
1419 2534 1933 2705 pollentiorum
2001 2536 2348 2705 epau-essi
2424 2615 2503 2685 in

324 2703 723 2777 dnn-issima
775 2706 993 2776 erant
1043 2701 1401 2778 nobilium
1453 2701 1842 2796 clientela,
1917 2729 2301 2806 agrosque
2363 2734 2501 2806 pa-

322 2802 719 2874 tronorum
786 2825 1018 2901 parva
1070 2800 1414 2873 mercede
1465 2796 1820 2874 colebant
1847 2800 1972 2895 ¹³):
2050 2799 2217 2897 alii,
2280 2830 2502 2906 quum

460 3005 525 3075 6)
562 3010 807 3064 Pausan.
845 3009 981 3074 vn,
1019 3010 1071 3074 2,
1110 3007 1161 3059 1.
1193 3005 1396 3075 ,Strata
1435 3006 1607 3073 XIV,
1645 3007 1678 3060 l
1716 3027 1774 3081 Ρ.
1810 3007 1936 3067 633.

469 3113 524 3174 7)
558 3116 808 3168 Pausan.
847 3115 956 3183 lv,
994 3115 1048 3181 5,
1086 3116 1137 3169 4.

461 3217 521 3286 8)
562 3221 784 3274 Tamen
819 3220 876 3276 bi
913 3223 1175 3294 perpetui
1214 3220 1516 3276 archontes
1552 3240 1965 3293 saepenumero
2006 3225 2176 3280 etiam
2209 3247 2376 3301 reges
2393 3251 2501 3286 vo-

321 3298 564 3434 gffnntfrss,
602 3294 751 3419 atligi.
790 3295 1056 3349 Perizon.
1095 3293 1168 3346 ad
1213 3294 1445 3348 Aelian.
1484 3295 1562 3347 V.
1611 3295 1685 3347 Η.
1720 3297 1811 3363 V,
1865 3297 1949 3351 13.
2032 3298 2287 3356 Boeekh.
2323 3303 2395 3358 ad
2433 3307 2500 3361 Ο.

466 3466 531 3538 9)
569 3471 815 3541 Dionys.
854 3473 929 3525 A.
966 3472 1045 3524 R.
1082 3470 1130 3539 1,
1167 3471 1254 3527 71.
1311 3471 1567 3525 Clinton.
1603 3472 1670 3526 1³⁸.
1705 3474 1783 3529 11.
1816 3475 1850 3531 1
1879 3494 1936 3550 Ρ.
1970 3475 2093 3532 156.

467 3572 564 3644 10)
607 3577 901 3631 Heracliti.
928 3577 1098 3630 Pont.
1120 3595 1168 3632 e.
1201 3578 1250 3633 l.
1305 3579 1500 3634 Nicol.
1531 3582 1799 3636 Damaso.
1836 3602 1892 3654 Ρ.
1911 3584 1982 3637 42
2019 3583 2197 3638 Orell.
2222 3603 2267 3641 e.
2298 3605 2500 3645 comm.
2588 3605 2594 3612 ·

321 3667 380 3719 Ρ.
420 3647 542 3703 189.
621 3651 786 3703 Suid.
826 3668 870 3702 s.
907 3668 963 3703 v.
997 3648 1302 3721 *Ιππομὶνης
1334 3657 1392 3703 et
1424 3651 1552 3727 παρ’
1585 3653 1747 3708 ἵππον
1778 3655 1875 3709 καὶ
1905 3655 2076 3727 κόρην.
2150 3656 2390 3727 Taylor.
2429 3660 2503 3714 ad

325 3719 597 3774 Aeschin.
637 3725 696 3774 in
738 3718 1026 3776 Timarch.
1063 3740 1117 3793 Ρ.
1157 3722 1279 3775 176.

464 3828 554 3890 ll)
592 3828 683 3883 Cf.
725 3826 942 3896 Scalig.
984 3827 1056 3880 ad
1093 3828 1305 3881 Euseb.
1342 3849 1401 3901 Ρ.
1437 3832 1525 3887 74.
1564 3831 1756 3886 Perit.
1794 3832 1867 3885 ad
1900 3832 2034 3887 Ael.
2068 3834 2150 3888 V.
2189 3836 2263 3888 H.
2300 3837 2379 3906 V,
2411 3841 2501 3898 13.

319 3896 574 3952 ΟΙίιιιοιι.
614 3901 677 3951 F.
715 3900 787 3952 H.
826 3900 856 3951 1
891 3918 945 3971 p.
992 3901 1106 3953 182.
1165 3901 1418 3956 Boeekb.
1459 3903 1532 3955 ad
1571 3922 1767 3957 marm.
1806 3906 1937 3959 Par.
1980 3908 2048 3959 (3.
2083 3906 2147 3959 J.
2187 3908 2244 3961 11
2279 3928 2333 3982 Ρ.
2369 3913 2501 3969 ⁸307.

316 3971 409 4024 De
445 3971 775 4025 nominibus
815 3979 875 4023 et
909 3970 1241 4025 muneribus
1279 3991 1491 4027 novem
1529 3974 1869 4030 archontum
1905 3976 2060 4030 infra
2095 3978 2337 4035 dic-etur.

460 4076 556 4142 1⁶2)
594 4078 725 4130 Neo
758 4080 1098 4149 provocatio
1139 4078 1210 4131 nl»
1249 4098 1447 4133 eorum
1500 4082 1731 4135 indiciis
1779 4089 1931 4137 erat:
1973 4081 2062 4142 τᾶς
2111 4084 2262 4145 dim
2303 4086 2498 4146 0313th-

318 4147 420 4206 λεῒς
450 4149 661 4221 ἔκρινον.
737 4153 907 4218 Diog.
944 4151 1135 4204 Laert.
1174 4150 1300 4208 Sol.
1339 4170 1386 4205 ο.
1421 4154 1512 4208 38.
1585 4153 1756 4228 Suid.
1792 4173 1840 4208 ι.
1878 4174 1933 4210 v.
1968 4153 2163 4231 ἅρχων.

460 4253 550 4321 13)
590 4254 679 4308 Cf.
719 4257 780 4307 in
815 4245 1070 4310 uniret-⁸.
1097 4256 1249 4313 Plut.
1273 4257 1478 4312 Solon.
1513 4279 1563 4314 e.
1586 4261 1674 4328 13,
1711 4280 1878 4334 quem
1918 4261 1989 4315 de
2024 4263 2330 4338 ἐκζημορίοις
2363 4262 2496 4336 (ἐπι-

318 4344 366 4396 μ
522 4365 536 4380 .
577 4327 831 4398 Hesyc-b.
870 4337 1006 4383 tom.
1047 4329 1108 4382 11
1160 4349 1215 4402 Ρ.
1260 4331 1422 4392 1369)
1472 4350 1694 4386 errasse
1742 4336 1895 4388 sient
1940 4334 2076 4387 olim
2130 4338 2236 4403 <de
2283 4342 2498 4391 eomitt.

325 4400 402 4450 At
443 4435 459 4452 .
493 4418 551 4472 Ρ.
587 4401 725 4469 362)
759 4401 843 4454 ita
878 4403 1049 4453 etiem
1087 4420 1242 4456 nuno
1279 4401 1471 4458 eredo.
1544 4405 1699 4459 Nem
1734 4408 1786 4460 si
1833 4412 2055 4460 sextam
2103 4406 2332 4477 frugum
2368 4427 2498 4480 par-
