<?xml version="1.0" encoding="UTF-8"?>
<!DOCTYPE html PUBLIC "-//W3C//DTD XHTML 1.0 Transitional//EN"
    "http://www.w3.org/TR/xhtml1/DTD/xhtml1-transitional.dtd">
<html xmlns="http://www.w3.org/1999/xhtml" xml:lang="en" lang="en">
 <head>
  <title>
</title>
<meta http-equiv="Content-Type" content="text/html;charset=utf-8" />
  <meta name='ocr-system' content='tesseract 3.04.00' />
  <meta name='ocr-capabilities' content='ocr_page ocr_carea ocr_par ocr_line ocrx_word'/>
</head>
<body>
  <div class='ocr_page' id='page_1' title='image "antiquitatesiur00schgoog_0041.png"; bbox 0 0 3067 4975; ppageno 0'>
   <div class='ocr_carea' id='block_1_1' title="bbox 621 343 2453 444">
    <p class='ocr_par' dir='ltr' id='par_1_1' title="bbox 621 343 2453 444">
     <span class='ocr_line' id='line_1_1' title="bbox 621 343 2453 444; baseline -0.001 -23"><span class='ocrx_word' id='word_1_1' title='bbox 621 346 691 421; x_wconf 76' lang='grc' dir='ltr'><strong>Ι.</strong></span> <span class='ocrx_word' id='word_1_2' title='bbox 741 347 861 420; x_wconf 81' lang='lat' dir='ltr'><strong>De</strong></span> <span class='ocrx_word' id='word_1_3' title='bbox 915 344 1297 420; x_wconf 67' lang='lat' dir='ltr'><strong>Graeciae</strong></span> <span class='ocrx_word' id='word_1_4' title='bbox 1343 344 1502 417; x_wconf 75' lang='lat' dir='ltr'><strong>situ</strong></span> <span class='ocrx_word' id='word_1_5' title='bbox 1552 367 1813 438; x_wconf 79' lang='lat' dir='ltr'><strong>magn.</strong></span> <span class='ocrx_word' id='word_1_6' title='bbox 1852 356 2116 444; x_wconf 66' lang='lat' dir='ltr'><strong>parti.</strong></span> <span class='ocrx_word' id='word_1_7' title='bbox 2357 343 2453 419; x_wconf 81' lang='lat'><strong>27</strong></span> 
     </span>
    </p>
   </div>
   <div class='ocr_carea' id='block_1_2' title="bbox 274 523 2455 1015">
    <p class='ocr_par' dir='ltr' id='par_1_2' title="bbox 274 523 2458 1015">
     <span class='ocr_line' id='line_1_2' title="bbox 276 523 2455 628; baseline 0.001 -29"><span class='ocrx_word' id='word_1_8' title='bbox 276 525 429 601; x_wconf 89' lang='lat' dir='ltr'><strong>lum</strong></span> <span class='ocrx_word' id='word_1_9' title='bbox 451 524 1262 626; x_wconf 75' lang='lat' dir='ltr'><strong>propteraltitudinem</strong></span> <span class='ocrx_word' id='word_1_10' title='bbox 1284 523 1625 610; x_wconf 81' lang='lat' dir='ltr'><strong>locorum</strong></span> <span class='ocrx_word' id='word_1_11' title='bbox 1661 523 2009 625; x_wconf 81' lang='lat' dir='ltr'><strong>frigidius</strong></span> <span class='ocrx_word' id='word_1_12' title='bbox 2038 527 2163 613; x_wconf 84' lang='lat'>¹⁰):</span> <span class='ocrx_word' id='word_1_13' title='bbox 2215 532 2455 628; x_wconf 85' lang='lat' dir='ltr'><strong>campi</strong></span> 
     </span>
     <span class='ocr_line' id='line_1_3' title="bbox 277 619 2455 723; baseline -0 -25"><span class='ocrx_word' id='word_1_14' title='bbox 277 624 581 723; x_wconf 83' lang='lat' dir='ltr'><strong>frugum</strong></span> <span class='ocrx_word' id='word_1_15' title='bbox 609 627 797 698; x_wconf 87' lang='lat' dir='ltr'><strong>satis</strong></span> <span class='ocrx_word' id='word_1_16' title='bbox 825 623 1146 716; x_wconf 78' lang='lat' dir='ltr'><strong>feraces,</strong></span> <span class='ocrx_word' id='word_1_17' title='bbox 1196 619 1515 715; x_wconf 79' lang='lat' dir='ltr'>herbidi,</span> <span class='ocrx_word' id='word_1_18' title='bbox 1568 626 1924 698; x_wconf 83' lang='lat' dir='ltr'><strong>armentis</strong></span> <span class='ocrx_word' id='word_1_19' title='bbox 1964 621 2253 697; x_wconf 80' lang='lat' dir='ltr'><strong>alendis</strong></span> <span class='ocrx_word' id='word_1_20' title='bbox 2291 625 2455 698; x_wconf 90' lang='lat' dir='ltr'><strong>ido·</strong></span> 
     </span>
     <span class='ocr_line' id='line_1_4' title="bbox 276 719 2455 820; baseline 0 -26"><span class='ocrx_word' id='word_1_21' title='bbox 276 724 565 820; x_wconf 84' lang='lat' dir='ltr'><strong>nei¹¹):</strong></span> <span class='ocrx_word' id='word_1_22' title='bbox 634 720 888 812; x_wconf 88' lang='lat' dir='ltr'><strong>oleae,</strong></span> <span class='ocrx_word' id='word_1_23' title='bbox 950 721 1123 795; x_wconf 87' lang='lat' dir='ltr'><strong>ficui</strong></span> <span class='ocrx_word' id='word_1_24' title='bbox 1187 746 1452 819; x_wconf 86' lang='lat' dir='ltr'><strong>parum</strong></span> <span class='ocrx_word' id='word_1_25' title='bbox 1519 723 1675 820; x_wconf 87' lang='lat' dir='ltr'><strong>apti</strong></span> <span class='ocrx_word' id='word_1_26' title='bbox 1705 722 1826 820; x_wconf 85' lang='lat'><strong>¹²).</strong></span> <span class='ocrx_word' id='word_1_27' title='bbox 1926 723 2013 793; x_wconf 89' lang='lat' dir='ltr'><strong>ln</strong></span> <span class='ocrx_word' id='word_1_28' title='bbox 2075 719 2455 795; x_wconf 78' lang='lat' dir='ltr'><strong>montibus</strong></span> 
     </span>
     <span class='ocr_line' id='line_1_5' title="bbox 278 815 2455 921; baseline 0.001 -29"><span class='ocrx_word' id='word_1_29' title='bbox 278 817 635 894; x_wconf 86' lang='lat' dir='ltr'><strong>silvarum</strong></span> <span class='ocrx_word' id='word_1_30' title='bbox 686 823 905 921; x_wconf 84' lang='lat' dir='ltr'><strong>copia</strong></span> <span class='ocrx_word' id='word_1_31' title='bbox 932 820 1070 916; x_wconf 81' lang='lat'><strong>¹³),</strong></span> <span class='ocrx_word' id='word_1_32' title='bbox 1124 823 1202 893; x_wconf 87' lang='lat' dir='ltr'><strong>et</strong></span> <span class='ocrx_word' id='word_1_33' title='bbox 1238 822 1544 917; x_wconf 88' lang='lat' dir='ltr'><strong>pecoris</strong></span> <span class='ocrx_word' id='word_1_34' title='bbox 1574 815 1935 918; x_wconf 90' lang='lat' dir='ltr'><strong>pascendi</strong></span> <span class='ocrx_word' id='word_1_35' title='bbox 1964 816 2286 919; x_wconf 88' lang='lat' dir='ltr'><strong>plurima</strong></span> <span class='ocrx_word' id='word_1_36' title='bbox 2319 844 2455 919; x_wconf 89' lang='lat' dir='ltr'><strong>op-</strong></span> 
     </span>
     <span class='ocr_line' id='line_1_6' title="bbox 274 917 733 1015; baseline 0.004 -27"><span class='ocrx_word' id='word_1_37' title='bbox 274 917 733 1015; x_wconf 74' lang='lat' dir='ltr'><strong>portunitas,</strong></span> 
     </span>
    </p>
   </div>
   <div class='ocr_carea' id='block_1_3' title="bbox 1229 1081 1518 1167">
    <p class='ocr_par' dir='ltr' id='par_1_3' title="bbox 1229 1081 1518 1167">
     <span class='ocr_line' id='line_1_7' title="bbox 1229 1081 1518 1167; baseline -0.01 -11"><span class='ocrx_word' id='word_1_38' title='bbox 1229 1088 1298 1167; x_wconf 83' lang='lat'><strong>§.</strong></span> <span class='ocrx_word' id='word_1_39' title='bbox 1354 1081 1518 1154; x_wconf 82' lang='lat' dir='ltr'><strong>Vll.</strong></span> 
     </span>
    </p>
   </div>
   <div class='ocr_carea' id='block_1_4' title="bbox 275 1212 2474 3168">
    <p class='ocr_par' dir='ltr' id='par_1_4' title="bbox 275 1212 2474 3168">
     <span class='ocr_line' id='line_1_8' title="bbox 472 1212 2458 1315; baseline 0.001 -25"><span class='ocrx_word' id='word_1_40' title='bbox 472 1216 605 1292; x_wconf 84' lang='lat' dir='ltr'><strong>Ex</strong></span> <span class='ocrx_word' id='word_1_41' title='bbox 662 1214 1031 1290; x_wconf 79' lang='lat' dir='ltr'><strong>Arcadiae</strong></span> <span class='ocrx_word' id='word_1_42' title='bbox 1098 1212 1410 1315; x_wconf 71' lang='lat' dir='ltr'><strong>Cyllene</strong></span> <span class='ocrx_word' id='word_1_43' title='bbox 1474 1212 1841 1289; x_wconf 87' lang='lat' dir='ltr'><strong>orientem</strong></span> <span class='ocrx_word' id='word_1_44' title='bbox 1923 1240 2184 1290; x_wconf 84' lang='lat' dir='ltr'><strong>versus</strong></span> <span class='ocrx_word' id='word_1_45' title='bbox 2245 1243 2458 1291; x_wconf 83' lang='lat' dir='ltr'><strong>mon-</strong></span> 
     </span>
     <span class='ocr_line' id='line_1_9' title="bbox 277 1309 2461 1410; baseline -0 -22"><span class='ocrx_word' id='word_1_46' title='bbox 277 1315 466 1388; x_wconf 78' lang='lat' dir='ltr'><strong>tium</strong></span> <span class='ocrx_word' id='word_1_47' title='bbox 515 1316 801 1387; x_wconf 82' lang='lat' dir='ltr'><strong>tractus</strong></span> <span class='ocrx_word' id='word_1_48' title='bbox 904 1316 1258 1405; x_wconf 87' lang='lat' dir='ltr'><strong>rocurrit,</strong></span> <span class='ocrx_word' id='word_1_49' title='bbox 1310 1309 1657 1385; x_wconf 86' lang='lat' dir='ltr'><strong>faucibus</strong></span> <span class='ocrx_word' id='word_1_50' title='bbox 1703 1316 2190 1410; x_wconf 78' lang='lat' dir='ltr'><strong>perangustis</strong></span> <span class='ocrx_word' id='word_1_51' title='bbox 2227 1316 2461 1387; x_wconf 85' lang='lat' dir='ltr'><strong>inter-</strong></span> 
     </span>
     <span class='ocr_line' id='line_1_10' title="bbox 276 1407 2461 1512; baseline 0 -27"><span class='ocrx_word' id='word_1_52' title='bbox 276 1416 575 1512; x_wconf 86' lang='lat' dir='ltr'><strong>ruptus,</strong></span> <span class='ocrx_word' id='word_1_53' title='bbox 654 1413 805 1506; x_wconf 90' lang='lat' dir='ltr'><strong>(un</strong></span> <span class='ocrx_word' id='word_1_54' title='bbox 864 1436 905 1482; x_wconf 86' lang='lat' dir='ltr'><strong>e</strong></span> <span class='ocrx_word' id='word_1_55' title='bbox 990 1425 1239 1509; x_wconf 75' lang='grc' dir='ltr'><strong><em>Τρητοῦ</em></strong></span> <span class='ocrx_word' id='word_1_56' title='bbox 1294 1411 1621 1503; x_wconf 83' lang='lat' dir='ltr'><strong>nomen)</strong></span> <span class='ocrx_word' id='word_1_57' title='bbox 1670 1410 1731 1504; x_wconf 91' lang='lat'><strong>¹)</strong></span> <span class='ocrx_word' id='word_1_58' title='bbox 1811 1434 2028 1509; x_wconf 88' lang='lat' dir='ltr'><strong>quem</strong></span> <span class='ocrx_word' id='word_1_59' title='bbox 2108 1407 2461 1511; x_wconf 79' lang='lat' dir='ltr'><strong>deinceps</strong></span> 
     </span>
     <span class='ocr_line' id='line_1_11' title="bbox 281 1506 2463 1601; baseline 0 -19"><span class='ocrx_word' id='word_1_60' title='bbox 281 1508 806 1601; x_wconf 86' lang='lat' dir='ltr'><strong>Arachnaeus,</strong></span> <span class='ocrx_word' id='word_1_61' title='bbox 877 1506 1252 1596; x_wconf 66' lang='lat' dir='ltr'><strong>Titanius,</strong></span> <span class='ocrx_word' id='word_1_62' title='bbox 1323 1509 1385 1579; x_wconf 85' lang='lat' dir='ltr'>C</span> <span class='ocrx_word' id='word_1_63' title='bbox 1443 1508 1742 1578; x_wconf 83' lang='lat' dir='ltr'><strong>nortins</strong></span> <span class='ocrx_word' id='word_1_64' title='bbox 1806 1506 1933 1579; x_wconf 87' lang='lat' dir='ltr'><strong>alii</strong></span> <span class='ocrx_word' id='word_1_65' title='bbox 1986 1532 2082 1581; x_wconf 92' lang='lat' dir='ltr'><strong>ue</strong></span> <span class='ocrx_word' id='word_1_66' title='bbox 2128 1511 2463 1583; x_wconf 87' lang='lat' dir='ltr'><strong>minores</strong></span> 
     </span>
     <span class='ocr_line' id='line_1_12' title="bbox 282 1603 2462 1705; baseline -0.001 -25"><span class='ocrx_word' id='word_1_67' title='bbox 282 1608 672 1705; x_wconf 86' lang='lat' dir='ltr'><strong>excipiunt</strong></span> <span class='ocrx_word' id='word_1_68' title='bbox 698 1606 793 1700; x_wconf 82' lang='grc'><strong>2).</strong></span> <span class='ocrx_word' id='word_1_69' title='bbox 891 1605 1028 1676; x_wconf 85' lang='lat' dir='ltr'><strong>His</strong></span> <span class='ocrx_word' id='word_1_70' title='bbox 1082 1628 1270 1704; x_wconf 89' lang='lat' dir='ltr'><strong>quae</strong></span> <span class='ocrx_word' id='word_1_71' title='bbox 1322 1628 1368 1675; x_wconf 92' lang='lat' dir='ltr'><strong>a</strong></span> <span class='ocrx_word' id='word_1_72' title='bbox 1424 1605 1620 1675; x_wconf 85' lang='lat' dir='ltr'><strong>iacet</strong></span> <span class='ocrx_word' id='word_1_73' title='bbox 1688 1605 1902 1704; x_wconf 78' lang='lat' dir='ltr'><strong>terra</strong></span> <span class='ocrx_word' id='word_1_74' title='bbox 2015 1603 2255 1702; x_wconf 76' lang='lat' dir='ltr'><strong>rgolis</strong></span> <span class='ocrx_word' id='word_1_75' title='bbox 2320 1611 2462 1699; x_wconf 82' lang='lat' dir='ltr'><strong>est,</strong></span> 
     </span>
     <span class='ocr_line' id='line_1_13' title="bbox 277 1698 2467 1875; baseline 0 -1"><span class='ocrx_word' id='word_1_76' title='bbox 277 1706 360 1874; x_wconf 60' lang='lat'><strong>{¹}</strong></span> <span class='ocrx_word' id='word_1_77' title='bbox 408 1700 929 1873; x_wconf 59' lang='lat'><strong>{22233232231</strong></span> <span class='ocrx_word' id='word_1_78' title='bbox 946 1698 1983 1871; x_wconf 52' lang='grc' dir='ltr'><strong>Γῗὲῗέωοέἔέἒηζωῗὲιῗέἲέ</strong></span> <span class='ocrx_word' id='word_1_79' title='bbox 2007 1705 2467 1875; x_wconf 53' lang='grc' dir='ltr'><strong>ωὲἒῖξῖἓῖἑ</strong></span> 
     </span>
     <span class='ocr_line' id='line_1_14' title="bbox 275 1825 2464 1996; baseline -0.001 -24"><span class='ocrx_word' id='word_1_80' title='bbox 275 1895 719 1995; x_wconf 83' lang='lat' dir='ltr'><strong>Argolidem</strong></span> <span class='ocrx_word' id='word_1_81' title='bbox 766 1899 1008 1996; x_wconf 81' lang='lat' dir='ltr'><strong>ipsam</strong></span> <span class='ocrx_word' id='word_1_82' title='bbox 1053 1825 1351 1968; x_wconf 47' lang='lat' dir='ltr'><strong>moines</strong></span> <span class='ocrx_word' id='word_1_83' title='bbox 1402 1901 1531 1967; x_wconf 81' lang='lat' dir='ltr'><strong>aut</strong></span> <span class='ocrx_word' id='word_1_84' title='bbox 1583 1890 1818 1966; x_wconf 86' lang='lat' dir='ltr'><strong>colles</strong></span> <span class='ocrx_word' id='word_1_85' title='bbox 1865 1897 1941 1968; x_wconf 89' lang='lat' dir='ltr'><strong>in</strong></span> <span class='ocrx_word' id='word_1_86' title='bbox 1978 1894 2250 1970; x_wconf 84' lang='lat' dir='ltr'><strong>multas</strong></span> <span class='ocrx_word' id='word_1_87' title='bbox 2285 1923 2464 1996; x_wconf 86' lang='lat' dir='ltr'><strong>par-</strong></span> 
     </span>
     <span class='ocr_line' id='line_1_15' title="bbox 281 1986 2464 2094; baseline 0 -26"><span class='ocrx_word' id='word_1_88' title='bbox 281 2005 399 2069; x_wconf 85' lang='lat' dir='ltr'><strong>tes</strong></span> <span class='ocrx_word' id='word_1_89' title='bbox 445 1999 779 2068; x_wconf 85' lang='lat' dir='ltr'><strong>minores</strong></span> <span class='ocrx_word' id='word_1_90' title='bbox 830 1989 1270 2092; x_wconf 74' lang='lat' dir='ltr'><strong>dispescunt</strong></span> <span class='ocrx_word' id='word_1_91' title='bbox 1295 1993 1402 2086; x_wconf 83' lang='lat'><strong>³),</strong></span> <span class='ocrx_word' id='word_1_92' title='bbox 1450 1986 1724 2064; x_wconf 90' lang='lat' dir='ltr'><strong>modici</strong></span> <span class='ocrx_word' id='word_1_93' title='bbox 1770 1989 2155 2092; x_wconf 84' lang='lat' dir='ltr'><strong>plerique,</strong></span> <span class='ocrx_word' id='word_1_94' title='bbox 2219 2020 2464 2094; x_wconf 87' lang='lat' dir='ltr'><strong>neque</strong></span> 
     </span>
     <span class='ocr_line' id='line_1_16' title="bbox 281 2085 2462 2192; baseline 0 -27"><span class='ocrx_word' id='word_1_95' title='bbox 281 2095 561 2192; x_wconf 86' lang='lat' dir='ltr'><strong>asperi,</strong></span> <span class='ocrx_word' id='word_1_96' title='bbox 584 2092 864 2190; x_wconf 82' lang='lat' dir='ltr'><strong>campis</strong></span> <span class='ocrx_word' id='word_1_97' title='bbox 892 2093 1290 2163; x_wconf 86' lang='lat' dir='ltr'><strong>maximam</strong></span> <span class='ocrx_word' id='word_1_98' title='bbox 1305 2094 1600 2189; x_wconf 86' lang='lat' dir='ltr'><strong>partem</strong></span> <span class='ocrx_word' id='word_1_99' title='bbox 1618 2085 2010 2162; x_wconf 81' lang='lat' dir='ltr'><strong>foecundis</strong></span> <span class='ocrx_word' id='word_1_100' title='bbox 2032 2093 2110 2163; x_wconf 88' lang='lat' dir='ltr'><strong>et</strong></span> <span class='ocrx_word' id='word_1_101' title='bbox 2127 2095 2462 2165; x_wconf 83' lang='lat' dir='ltr'><strong>amoenis</strong></span> 
     </span>
     <span class='ocr_line' id='line_1_17' title="bbox 275 2185 2461 2287; baseline -0 -24"><span class='ocrx_word' id='word_1_102' title='bbox 275 2190 694 2264; x_wconf 85' lang='lat' dir='ltr'><strong>interiectis</strong></span> <span class='ocrx_word' id='word_1_103' title='bbox 718 2186 822 2284; x_wconf 74' lang='lat'><strong>4),</strong></span> <span class='ocrx_word' id='word_1_104' title='bbox 875 2212 975 2262; x_wconf 83' lang='lat' dir='ltr'><strong>ex</strong></span> <span class='ocrx_word' id='word_1_105' title='bbox 1028 2185 1299 2287; x_wconf 88' lang='lat' dir='ltr'><strong>quibus</strong></span> <span class='ocrx_word' id='word_1_106' title='bbox 1351 2188 1478 2286; x_wconf 81' lang='lat' dir='ltr'><strong>qui</strong></span> <span class='ocrx_word' id='word_1_107' title='bbox 1507 2185 1869 2259; x_wconf 84' lang='lat' dir='ltr'><strong>latissime</strong></span> <span class='ocrx_word' id='word_1_108' title='bbox 1898 2187 2134 2286; x_wconf 91' lang='lat' dir='ltr'><strong>patet,</strong></span> <span class='ocrx_word' id='word_1_109' title='bbox 2182 2192 2262 2261; x_wconf 90' lang='lat' dir='ltr'><strong>in</strong></span> <span class='ocrx_word' id='word_1_110' title='bbox 2295 2191 2461 2286; x_wconf 88' lang='lat' dir='ltr'><strong>ipso</strong></span> 
     </span>
     <span class='ocr_line' id='line_1_18' title="bbox 279 2282 2467 2376; baseline -0.001 -16"><span class='ocrx_word' id='word_1_111' title='bbox 279 2289 493 2362; x_wconf 88' lang='lat' dir='ltr'><strong>sinus</strong></span> <span class='ocrx_word' id='word_1_112' title='bbox 539 2311 852 2360; x_wconf 88' lang='lat' dir='ltr'><strong>recessu</strong></span> <span class='ocrx_word' id='word_1_113' title='bbox 894 2286 1093 2358; x_wconf 83' lang='lat' dir='ltr'><strong>inter</strong></span> <span class='ocrx_word' id='word_1_114' title='bbox 1140 2282 1653 2376; x_wconf 81' lang='lat' dir='ltr'><strong>Parthenium,</strong></span> <span class='ocrx_word' id='word_1_115' title='bbox 1706 2282 2023 2357; x_wconf 83' lang='lat' dir='ltr'><strong>Tretum</strong></span> <span class='ocrx_word' id='word_1_116' title='bbox 2073 2286 2151 2358; x_wconf 88' lang='lat' dir='ltr'><strong>et</strong></span> <span class='ocrx_word' id='word_1_117' title='bbox 2184 2285 2467 2358; x_wconf 84' lang='lat' dir='ltr'><strong>Arach-</strong></span> 
     </span>
     <span class='ocr_line' id='line_1_19' title="bbox 277 2375 2467 2480; baseline -0 -24"><span class='ocrx_word' id='word_1_118' title='bbox 277 2375 551 2459; x_wconf 72' lang='lat' dir='ltr'><strong>naeum</strong></span> <span class='ocrx_word' id='word_1_119' title='bbox 614 2386 732 2457; x_wconf 89' lang='lat' dir='ltr'><strong>est</strong></span> <span class='ocrx_word' id='word_1_120' title='bbox 757 2383 853 2478; x_wconf 81' lang='lat'><strong>⁵).</strong></span> <span class='ocrx_word' id='word_1_121' title='bbox 952 2383 1202 2454; x_wconf 85' lang='lat' dir='ltr'><strong>Littus</strong></span> <span class='ocrx_word' id='word_1_122' title='bbox 1259 2382 1657 2480; x_wconf 87' lang='lat' dir='ltr'><strong>utrumqne</strong></span> <span class='ocrx_word' id='word_1_123' title='bbox 1724 2379 1982 2478; x_wconf 86' lang='lat' dir='ltr'><strong>plures</strong></span> <span class='ocrx_word' id='word_1_124' title='bbox 2064 2389 2140 2454; x_wconf 89' lang='lat' dir='ltr'><strong>et</strong></span> <span class='ocrx_word' id='word_1_125' title='bbox 2225 2378 2467 2455; x_wconf 84' lang='lat' dir='ltr'><strong>bonos</strong></span> 
     </span>
     <span class='ocr_line' id='line_1_20' title="bbox 276 2476 2467 2584; baseline -0.002 -27"><span class='ocrx_word' id='word_1_126' title='bbox 276 2485 553 2584; x_wconf 84' lang='lat' dir='ltr'><strong>portus</strong></span> <span class='ocrx_word' id='word_1_127' title='bbox 590 2478 821 2554; x_wconf 86' lang='lat' dir='ltr'><strong>habet</strong></span> <span class='ocrx_word' id='word_1_128' title='bbox 848 2483 941 2578; x_wconf 84' lang='lat'><strong>⁶).</strong></span> <span class='ocrx_word' id='word_1_129' title='bbox 980 2520 1079 2537; x_wconf 93' lang='lat'><strong>-—</strong></span> <span class='ocrx_word' id='word_1_130' title='bbox 1124 2480 1301 2551; x_wconf 88' lang='lat' dir='ltr'><strong>Duo</strong></span> <span class='ocrx_word' id='word_1_131' title='bbox 1342 2476 1468 2551; x_wconf 91' lang='lat' dir='ltr'><strong>alii</strong></span> <span class='ocrx_word' id='word_1_132' title='bbox 1494 2478 1855 2551; x_wconf 87' lang='lat' dir='ltr'><strong>montium</strong></span> <span class='ocrx_word' id='word_1_133' title='bbox 1889 2480 2176 2552; x_wconf 75' lang='lat' dir='ltr'><strong>tractus</strong></span> <span class='ocrx_word' id='word_1_134' title='bbox 2203 2506 2249 2553; x_wconf 88' lang='lat' dir='ltr'><strong>a</strong></span> <span class='ocrx_word' id='word_1_135' title='bbox 2275 2480 2467 2553; x_wconf 91' lang='lat' dir='ltr'><strong>Par-</strong></span> 
     </span>
     <span class='ocr_line' id='line_1_21' title="bbox 279 2573 2469 2674; baseline -0 -22"><span class='ocrx_word' id='word_1_136' title='bbox 279 2606 483 2656; x_wconf 85' lang='lat' dir='ltr'><strong>none</strong></span> <span class='ocrx_word' id='word_1_137' title='bbox 536 2588 609 2654; x_wconf 82' lang='lat' dir='ltr'><strong>et</strong></span> <span class='ocrx_word' id='word_1_138' title='bbox 658 2578 963 2674; x_wconf 83' lang='lat' dir='ltr'><strong>Lycaeo</strong></span> <span class='ocrx_word' id='word_1_139' title='bbox 1033 2601 1300 2649; x_wconf 86' lang='lat' dir='ltr'><strong>versus</strong></span> <span class='ocrx_word' id='word_1_140' title='bbox 1360 2573 1747 2648; x_wconf 85' lang='lat' dir='ltr'><strong>meridiem</strong></span> <span class='ocrx_word' id='word_1_141' title='bbox 1805 2601 1945 2674; x_wconf 88' lang='lat' dir='ltr'><strong>per</strong></span> <span class='ocrx_word' id='word_1_142' title='bbox 2015 2576 2469 2651; x_wconf 84' lang='lat' dir='ltr'><strong>Laconicam</strong></span> 
     </span>
     <span class='ocr_line' id='line_1_22' title="bbox 277 2670 2467 2779; baseline -0.003 -25"><span class='ocrx_word' id='word_1_143' title='bbox 277 2680 618 2779; x_wconf 83' lang='lat' dir='ltr'><strong>porrecti</strong></span> <span class='ocrx_word' id='word_1_144' title='bbox 664 2678 742 2748; x_wconf 88' lang='lat' dir='ltr'><strong>in</strong></span> <span class='ocrx_word' id='word_1_145' title='bbox 786 2674 1312 2775; x_wconf 81' lang='lat' dir='ltr'><strong>‘promontoria</strong></span> <span class='ocrx_word' id='word_1_146' title='bbox 1359 2670 1689 2745; x_wconf 85' lang='lat' dir='ltr'><strong>Maleam</strong></span> <span class='ocrx_word' id='word_1_147' title='bbox 1742 2676 1819 2746; x_wconf 86' lang='lat' dir='ltr'><strong>et</strong></span> <span class='ocrx_word' id='word_1_148' title='bbox 1857 2672 2292 2747; x_wconf 82' lang='lat' dir='ltr'><strong>Taenarum</strong></span> <span class='ocrx_word' id='word_1_149' title='bbox 2338 2672 2467 2748; x_wconf 89' lang='lat' dir='ltr'><strong>de-</strong></span> 
     </span>
     <span class='ocr_line' id='line_1_23' title="bbox 281 2767 2469 2871; baseline -0.004 -20"><span class='ocrx_word' id='word_1_150' title='bbox 281 2780 563 2851; x_wconf 85' lang='lat' dir='ltr'><strong>sinunt.</strong></span> <span class='ocrx_word' id='word_1_151' title='bbox 662 2774 949 2845; x_wconf 85' lang='lat' dir='ltr'><strong>Horum</strong></span> <span class='ocrx_word' id='word_1_152' title='bbox 999 2769 1215 2863; x_wconf 87' lang='lat' dir='ltr'><strong>alter,</strong></span> <span class='ocrx_word' id='word_1_153' title='bbox 1268 2772 1392 2871; x_wconf 84' lang='lat' dir='ltr'><strong>qui</strong></span> <span class='ocrx_word' id='word_1_154' title='bbox 1442 2767 1538 2841; x_wconf 87' lang='lat' dir='ltr'><strong>ad</strong></span> <span class='ocrx_word' id='word_1_155' title='bbox 1593 2767 1942 2846; x_wconf 80' lang='lat' dir='ltr'><strong>dextram</strong></span> <span class='ocrx_word' id='word_1_156' title='bbox 1986 2772 2126 2860; x_wconf 89' lang='lat' dir='ltr'><strong>est,</strong></span> <span class='ocrx_word' id='word_1_157' title='bbox 2172 2768 2469 2844; x_wconf 89' lang='lat' dir='ltr'><strong>modica</strong></span> 
     </span>
     <span class='ocr_line' id='line_1_24' title="bbox 284 2864 2470 2962; baseline -0.004 -14"><span class='ocrx_word' id='word_1_158' title='bbox 284 2871 703 2962; x_wconf 79' lang='lat' dir='ltr'><strong>altitudine,</strong></span> <span class='ocrx_word' id='word_1_159' title='bbox 754 2864 1177 2942; x_wconf 82' lang='lat' dir='ltr'><strong>nominibus</strong></span> <span class='ocrx_word' id='word_1_160' title='bbox 1226 2868 1490 2959; x_wconf 84' lang='lat' dir='ltr'><strong>variis,</strong></span> <span class='ocrx_word' id='word_1_161' title='bbox 1557 2864 1974 2959; x_wconf 78' lang='lat' dir='ltr'><strong>Thornax,</strong></span> <span class='ocrx_word' id='word_1_162' title='bbox 2023 2866 2470 2962; x_wconf 86' lang='lat' dir='ltr'><strong>Menelains,</strong></span> 
     </span>
     <span class='ocr_line' id='line_1_25' title="bbox 285 2958 2470 3071; baseline -0.004 -26"><span class='ocrx_word' id='word_1_163' title='bbox 285 2973 364 3045; x_wconf 83' lang='lat' dir='ltr'><strong>et</strong></span> <span class='ocrx_word' id='word_1_164' title='bbox 413 2996 606 3071; x_wconf 89' lang='lat' dir='ltr'><strong>quae</strong></span> <span class='ocrx_word' id='word_1_165' title='bbox 657 2974 829 3043; x_wconf 87' lang='lat' dir='ltr'><strong>sunt</strong></span> <span class='ocrx_word' id='word_1_166' title='bbox 879 2964 1053 3052; x_wconf 84' lang='lat' dir='ltr'><strong>alia,</strong></span> <span class='ocrx_word' id='word_1_167' title='bbox 1103 2989 1199 3062; x_wconf 89' lang='lat' dir='ltr'><strong>ap</strong></span> <span class='ocrx_word' id='word_1_168' title='bbox 1259 2960 1530 3037; x_wconf 86' lang='lat' dir='ltr'><strong>ellatur</strong></span> <span class='ocrx_word' id='word_1_169' title='bbox 1556 2962 1656 3049; x_wconf 81' lang='lat'><strong>⁷)=</strong></span> <span class='ocrx_word' id='word_1_170' title='bbox 1710 2961 1829 3043; x_wconf 74' lang='lat' dir='ltr'><strong>ad,</strong></span> <span class='ocrx_word' id='word_1_171' title='bbox 1860 2964 2237 3038; x_wconf 87' lang='lat' dir='ltr'><strong>sinistram</strong></span> <span class='ocrx_word' id='word_1_172' title='bbox 2267 2958 2470 3065; x_wconf 55' lang='lat' dir='ltr'><strong>TaJy-</strong></span> 
     </span>
     <span class='ocr_line' id='line_1_26' title="bbox 281 2989 2474 3168; baseline -0.004 -25"><span class='ocrx_word' id='word_1_173' title='bbox 281 3072 512 3168; x_wconf 66' lang='lat' dir='ltr'><strong>gestus</strong></span> <span class='ocrx_word' id='word_1_174' title='bbox 566 3067 685 3140; x_wconf 88' lang='lat' dir='ltr'><strong>est</strong></span> <span class='ocrx_word' id='word_1_175' title='bbox 725 3063 959 3162; x_wconf 80' lang='lat' dir='ltr'><strong>longe</strong></span> <span class='ocrx_word' id='word_1_176' title='bbox 993 2989 1397 3153; x_wconf 57' lang='lat' dir='ltr'><strong>excellgior,</strong></span> <span class='ocrx_word' id='word_1_177' title='bbox 1448 3059 1959 3135; x_wconf 88' lang='lat' dir='ltr'><strong>cacuminibus</strong></span> <span class='ocrx_word' id='word_1_178' title='bbox 1989 3059 2474 3136; x_wconf 86' lang='lat' dir='ltr'><strong>multifariam</strong></span> 
     </span>
    </p>
   </div>
   <div class='ocr_carea' id='block_1_5' title="bbox 291 3223 693 3242">
    <p class='ocr_par' dir='ltr' id='par_1_5' title="bbox 291 3223 693 3242">
     <span class='ocr_line' id='line_1_27' title="bbox 291 3223 693 3242; baseline 0 1733"><span class='ocrx_word' id='word_1_179' title='bbox 291 3223 693 3242; x_wconf 95' lang='lat' dir='ltr'><strong> </strong></span> 
     </span>
    </p>
   </div>
   <div class='ocr_carea' id='block_1_6' title="bbox 285 3300 2469 4269">
    <p class='ocr_par' dir='ltr' id='par_1_6' title="bbox 285 3300 2469 4269">
     <span class='ocr_line' id='line_1_28' title="bbox 428 3300 1923 3378; baseline -0.003 -18"><span class='ocrx_word' id='word_1_180' title='bbox 428 3302 524 3374; x_wconf 88' lang='grc'><strong>10)</strong></span> <span class='ocrx_word' id='word_1_181' title='bbox 564 3304 868 3362; x_wconf 71' lang='lat' dir='ltr'><strong>Thiar-sch.</strong></span> <span class='ocrx_word' id='word_1_182' title='bbox 907 3307 939 3361; x_wconf 93' lang='lat' dir='ltr'><strong>l</strong></span> <span class='ocrx_word' id='word_1_183' title='bbox 976 3324 1033 3378; x_wconf 84' lang='lat' dir='ltr'><strong>p.</strong></span> <span class='ocrx_word' id='word_1_184' title='bbox 1071 3303 1194 3359; x_wconf 81' lang='lat'><strong>285.</strong></span> <span class='ocrx_word' id='word_1_185' title='bbox 1234 3301 1307 3357; x_wconf 79' lang='lat' dir='ltr'><strong>of.</strong></span> <span class='ocrx_word' id='word_1_186' title='bbox 1345 3300 1555 3374; x_wconf 74' lang='lat' dir='ltr'><strong>Polyb.</strong></span> <span class='ocrx_word' id='word_1_187' title='bbox 1592 3303 1705 3375; x_wconf 84' lang='lat' dir='ltr'><strong>lv,</strong></span> <span class='ocrx_word' id='word_1_188' title='bbox 1743 3303 1833 3373; x_wconf 74' lang='lat'><strong>21,</strong></span> <span class='ocrx_word' id='word_1_189' title='bbox 1871 3304 1923 3357; x_wconf 89' lang='lat'><strong>1.</strong></span> 
     </span>
     <span class='ocr_line' id='line_1_29' title="bbox 431 3390 1291 3465; baseline 0 -18"><span class='ocrx_word' id='word_1_190' title='bbox 431 3392 527 3462; x_wconf 90' lang='lat'><strong>11)</strong></span> <span class='ocrx_word' id='word_1_191' title='bbox 564 3394 760 3449; x_wconf 73' lang='lat' dir='ltr'><strong>Str-al).</strong></span> <span class='ocrx_word' id='word_1_192' title='bbox 798 3396 969 3464; x_wconf 85' lang='lat' dir='ltr'><strong>vm,</strong></span> <span class='ocrx_word' id='word_1_193' title='bbox 1005 3394 1042 3449; x_wconf 83' lang='lat'><em>8</em></span> <span class='ocrx_word' id='word_1_194' title='bbox 1076 3412 1130 3465; x_wconf 88' lang='grc' dir='ltr'><strong>Ρ.</strong></span> <span class='ocrx_word' id='word_1_195' title='bbox 1163 3390 1291 3448; x_wconf 83' lang='grc'><strong>388.</strong></span> 
     </span>
     <span class='ocr_line' id='line_1_30' title="bbox 432 3482 1021 3551; baseline -0.003 -14"><span class='ocrx_word' id='word_1_196' title='bbox 432 3483 529 3551; x_wconf 79' lang='grc'><strong>12)</strong></span> <span class='ocrx_word' id='word_1_197' title='bbox 568 3482 869 3538; x_wconf 81' lang='lat' dir='ltr'><strong>Thiersch.</strong></span> <span class='ocrx_word' id='word_1_198' title='bbox 907 3483 947 3536; x_wconf 88' lang='lat' dir='ltr'><strong>l.</strong></span> <span class='ocrx_word' id='word_1_199' title='bbox 981 3482 1021 3536; x_wconf 89' lang='lat' dir='ltr'><strong>l.</strong></span> 
     </span>
     <span class='ocr_line' id='line_1_31' title="bbox 427 3569 1805 3643; baseline -0.001 -16"><span class='ocrx_word' id='word_1_200' title='bbox 427 3570 525 3642; x_wconf 82' lang='lat'><strong>13)</strong></span> <span class='ocrx_word' id='word_1_201' title='bbox 562 3572 707 3626; x_wconf 84' lang='lat' dir='ltr'><strong>Inde</strong></span> <span class='ocrx_word' id='word_1_202' title='bbox 746 3571 1054 3643; x_wconf 71' lang='lat' dir='ltr'><strong>drymodes</strong></span> <span class='ocrx_word' id='word_1_203' title='bbox 1087 3569 1339 3625; x_wconf 75' lang='lat' dir='ltr'><strong>Arcadia</strong></span> <span class='ocrx_word' id='word_1_204' title='bbox 1373 3569 1528 3625; x_wconf 80' lang='lat' dir='ltr'><strong>Plin.</strong></span> <span class='ocrx_word' id='word_1_205' title='bbox 1566 3571 1679 3641; x_wconf 76' lang='lat' dir='ltr'><strong>IV,</strong></span> <span class='ocrx_word' id='word_1_206' title='bbox 1722 3573 1805 3625; x_wconf 86' lang='grc'><strong>10.</strong></span> 
     </span>
     <span class='ocr_line' id='line_1_32' title="bbox 285 3676 2469 3806; baseline 0 -71"><span class='ocrx_word' id='word_1_207' title='bbox 285 3752 324 3806; x_wconf 63' lang='lat'><strong>²</strong></span> <span class='ocrx_word' id='word_1_208' title='bbox 430 3677 776 3806; x_wconf 71' lang='lat' dir='ltr'><strong>11)7Pausan.</strong></span> <span class='ocrx_word' id='word_1_209' title='bbox 814 3680 892 3747; x_wconf 82' lang='grc' dir='ltr'><strong>ΙΙ,</strong></span> <span class='ocrx_word' id='word_1_210' title='bbox 932 3678 1031 3749; x_wconf 81' lang='lat'><strong>15,</strong></span> <span class='ocrx_word' id='word_1_211' title='bbox 1065 3676 1121 3733; x_wconf 84' lang='grc'><strong>4.</strong></span> <span class='ocrx_word' id='word_1_212' title='bbox 1182 3676 1428 3734; x_wconf 79' lang='lat' dir='ltr'><strong>Diodor.</strong></span> <span class='ocrx_word' id='word_1_213' title='bbox 1466 3676 1582 3744; x_wconf 78' lang='lat' dir='ltr'><strong>IV,</strong></span> <span class='ocrx_word' id='word_1_214' title='bbox 1618 3679 1710 3733; x_wconf 87' lang='lat'><strong>11.</strong></span> <span class='ocrx_word' id='word_1_215' title='bbox 1767 3677 2061 3732; x_wconf 76' lang='lat' dir='ltr'><strong>Dodwell.</strong></span> <span class='ocrx_word' id='word_1_216' title='bbox 2099 3679 2351 3735; x_wconf 81' lang='lat' dir='ltr'><strong>Sickler.</strong></span> <span class='ocrx_word' id='word_1_217' title='bbox 2387 3683 2469 3751; x_wconf 86' lang='grc' dir='ltr'><strong>ΙΙ,</strong></span> 
     </span>
     <span class='ocr_line' id='line_1_33' title="bbox 362 3771 541 3824; baseline 0 -19"><span class='ocrx_word' id='word_1_218' title='bbox 362 3771 415 3824; x_wconf 87' lang='lat' dir='ltr'><strong>p.</strong></span> <span class='ocrx_word' id='word_1_219' title='bbox 526 3789 541 3805; x_wconf 88' lang='lat'><strong>.</strong></span> 
     </span>
     <span class='ocr_line' id='line_1_34' title="bbox 428 3835 2212 3913; baseline -0.001 -18"><span class='ocrx_word' id='word_1_220' title='bbox 428 3837 492 3909; x_wconf 79' lang='lat'><strong>2)</strong></span> <span class='ocrx_word' id='word_1_221' title='bbox 528 3841 783 3893; x_wconf 76' lang='lat' dir='ltr'><strong>Pansan.</strong></span> <span class='ocrx_word' id='word_1_222' title='bbox 822 3840 902 3908; x_wconf 91' lang='lat'><strong>11,</strong></span> <span class='ocrx_word' id='word_1_223' title='bbox 938 3839 1028 3908; x_wconf 82' lang='grc'><strong>26,</strong></span> <span class='ocrx_word' id='word_1_224' title='bbox 1064 3839 1119 3892; x_wconf 82' lang='grc'><strong>4.</strong></span> <span class='ocrx_word' id='word_1_225' title='bbox 1156 3837 1207 3892; x_wconf 80' lang='grc'><strong>9.</strong></span> <span class='ocrx_word' id='word_1_226' title='bbox 1248 3855 1295 3891; x_wconf 83' lang='grc' dir='ltr'><strong>ο.</strong></span> <span class='ocrx_word' id='word_1_227' title='bbox 1329 3837 1420 3904; x_wconf 81' lang='grc'><strong>27,</strong></span> <span class='ocrx_word' id='word_1_228' title='bbox 1456 3835 1509 3891; x_wconf 88' lang='grc'><strong>8.</strong></span> <span class='ocrx_word' id='word_1_229' title='bbox 1578 3837 1870 3893; x_wconf 72' lang='lat' dir='ltr'><strong>nadwell.</strong></span> <span class='ocrx_word' id='word_1_230' title='bbox 1902 3860 1960 3913; x_wconf 86' lang='lat' dir='ltr'><strong>p.</strong></span> <span class='ocrx_word' id='word_1_231' title='bbox 1999 3840 2087 3896; x_wconf 78' lang='grc'><strong>75.</strong></span> <span class='ocrx_word' id='word_1_232' title='bbox 2127 3841 2212 3896; x_wconf 89' lang='grc'><strong>77.</strong></span> 
     </span>
     <span class='ocr_line' id='line_1_35' title="bbox 426 3925 1901 4002; baseline 0.001 -19"><span class='ocrx_word' id='word_1_233' title='bbox 426 3925 490 3995; x_wconf 77' lang='grc'><strong>3)</strong></span> <span class='ocrx_word' id='word_1_234' title='bbox 530 3926 620 3982; x_wconf 82' lang='lat' dir='ltr'><strong>Cf.</strong></span> <span class='ocrx_word' id='word_1_235' title='bbox 655 3927 928 3983; x_wconf 79' lang='lat' dir='ltr'><strong>Mueller.</strong></span> <span class='ocrx_word' id='word_1_236' title='bbox 967 3930 1108 3983; x_wconf 84' lang='lat' dir='ltr'><strong>Dor.</strong></span> <span class='ocrx_word' id='word_1_237' title='bbox 1149 3928 1180 3982; x_wconf 89' lang='lat'><strong>1</strong></span> <span class='ocrx_word' id='word_1_238' title='bbox 1219 3947 1274 3999; x_wconf 85' lang='lat' dir='ltr'><strong>p.</strong></span> <span class='ocrx_word' id='word_1_239' title='bbox 1312 3926 1401 3981; x_wconf 90' lang='grc'><strong>71.</strong></span> <span class='ocrx_word' id='word_1_240' title='bbox 1439 3927 1501 3979; x_wconf 88' lang='lat'><strong>11</strong></span> <span class='ocrx_word' id='word_1_241' title='bbox 1538 3946 1594 3997; x_wconf 89' lang='grc' dir='ltr'><strong>Ρ.</strong></span> <span class='ocrx_word' id='word_1_242' title='bbox 1630 3925 1742 3982; x_wconf 78' lang='grc'><strong>433</strong></span> <span class='ocrx_word' id='word_1_243' title='bbox 1776 3947 1901 4002; x_wconf 77' lang='lat' dir='ltr'><strong>sqq.</strong></span> 
     </span>
     <span class='ocr_line' id='line_1_36' title="bbox 428 4014 1860 4091; baseline -0.003 -21"><span class='ocrx_word' id='word_1_244' title='bbox 428 4014 490 4084; x_wconf 85' lang='grc'><strong>4)</strong></span> <span class='ocrx_word' id='word_1_245' title='bbox 527 4016 816 4070; x_wconf 84' lang='lat' dir='ltr'><strong>Dodwell.</strong></span> <span class='ocrx_word' id='word_1_246' title='bbox 854 4016 896 4072; x_wconf 88' lang='lat' dir='ltr'><strong>l.</strong></span> <span class='ocrx_word' id='word_1_247' title='bbox 935 4017 975 4073; x_wconf 86' lang='lat' dir='ltr'><strong>l.</strong></span> <span class='ocrx_word' id='word_1_248' title='bbox 1011 4039 1064 4091; x_wconf 88' lang='grc' dir='ltr'><strong>Ρ.</strong></span> <span class='ocrx_word' id='word_1_249' title='bbox 1103 4018 1192 4073; x_wconf 80' lang='lat'><strong>62.</strong></span> <span class='ocrx_word' id='word_1_250' title='bbox 1232 4016 1320 4071; x_wconf 76' lang='lat'><strong>74.</strong></span> <span class='ocrx_word' id='word_1_251' title='bbox 1360 4014 1447 4069; x_wconf 92' lang='grc'><strong>76.</strong></span> <span class='ocrx_word' id='word_1_252' title='bbox 1485 4014 1574 4070; x_wconf 85' lang='grc'><strong>88.</strong></span> <span class='ocrx_word' id='word_1_253' title='bbox 1612 4015 1698 4070; x_wconf 75' lang='grc'><strong>92·</strong></span> <span class='ocrx_word' id='word_1_254' title='bbox 1736 4019 1860 4072; x_wconf 87' lang='grc'><strong>100.</strong></span> 
     </span>
     <span class='ocr_line' id='line_1_37' title="bbox 429 4103 1790 4179; baseline 0.001 -20"><span class='ocrx_word' id='word_1_255' title='bbox 429 4104 491 4174; x_wconf 77' lang='lat'><strong>5)</strong></span> <span class='ocrx_word' id='word_1_256' title='bbox 531 4106 617 4157; x_wconf 75' lang='lat' dir='ltr'><strong>ld.</strong></span> <span class='ocrx_word' id='word_1_257' title='bbox 654 4125 711 4177; x_wconf 85' lang='grc' dir='ltr'><strong>Ρ.</strong></span> <span class='ocrx_word' id='word_1_258' title='bbox 750 4105 819 4162; x_wconf 89' lang='grc'><strong>18</strong></span> <span class='ocrx_word' id='word_1_259' title='bbox 854 4126 940 4179; x_wconf 80' lang='lat' dir='ltr'><strong>sq.</strong></span> <span class='ocrx_word' id='word_1_260' title='bbox 1014 4103 1386 4179; x_wconf 82' lang='lat' dir='ltr'><strong>Pouqnevill.</strong></span> <span class='ocrx_word' id='word_1_261' title='bbox 1421 4104 1516 4158; x_wconf 85' lang='lat' dir='ltr'><strong>IV</strong></span> <span class='ocrx_word' id='word_1_262' title='bbox 1550 4123 1608 4177; x_wconf 90' lang='grc' dir='ltr'><strong>Ρ.</strong></span> <span class='ocrx_word' id='word_1_263' title='bbox 1648 4104 1790 4161; x_wconf 77' lang='lat'><strong>157.-</strong></span> 
     </span>
     <span class='ocr_line' id='line_1_38' title="bbox 430 4191 1331 4269; baseline 0.003 -21"><span class='ocrx_word' id='word_1_264' title='bbox 430 4194 489 4261; x_wconf 86' lang='grc'><strong>6)</strong></span> <span class='ocrx_word' id='word_1_265' title='bbox 529 4191 749 4265; x_wconf 75' lang='lat' dir='ltr'><strong>Scylax</strong></span> <span class='ocrx_word' id='word_1_266' title='bbox 781 4214 839 4269; x_wconf 87' lang='grc' dir='ltr'><strong>Ρ.</strong></span> <span class='ocrx_word' id='word_1_267' title='bbox 877 4196 953 4250; x_wconf 80' lang='grc'><strong>43</strong></span> <span class='ocrx_word' id='word_1_268' title='bbox 989 4213 1109 4268; x_wconf 77' lang='lat' dir='ltr'><strong>sqq.</strong></span> <span class='ocrx_word' id='word_1_269' title='bbox 1148 4196 1331 4251; x_wconf 72' lang='lat' dir='ltr'><strong>Gron.</strong></span> 
     </span>
    </p>
   </div>
   <div class='ocr_carea' id='block_1_7' title="bbox 293 4282 2479 4429">
    <p class='ocr_par' dir='ltr' id='par_1_7' title="bbox 293 4282 2479 4429">
     <span class='ocr_line' id='line_1_39' title="bbox 432 4282 2479 4357; baseline -0.001 -19"><span class='ocrx_word' id='word_1_270' title='bbox 432 4283 490 4350; x_wconf 89' lang='grc'><strong>7)</strong></span> <span class='ocrx_word' id='word_1_271' title='bbox 526 4285 1013 4348; x_wconf 78' lang='lat' dir='ltr'><strong>Pausan.111‚10‚</strong></span> <span class='ocrx_word' id='word_1_272' title='bbox 1051 4285 1141 4338; x_wconf 88' lang='grc'><strong>10.</strong></span> <span class='ocrx_word' id='word_1_273' title='bbox 1181 4284 1335 4351; x_wconf 82' lang='grc' dir='ltr'><strong>ο.11,</strong></span> <span class='ocrx_word' id='word_1_274' title='bbox 1378 4289 1427 4339; x_wconf 87' lang='lat' dir='ltr'><strong>l.</strong></span> <span class='ocrx_word' id='word_1_275' title='bbox 1464 4282 1774 4356; x_wconf 73' lang='lat' dir='ltr'><strong>Polyb-V,</strong></span> <span class='ocrx_word' id='word_1_276' title='bbox 1810 4287 1905 4357; x_wconf 80' lang='lat'><strong>22,</strong></span> <span class='ocrx_word' id='word_1_277' title='bbox 1942 4286 1994 4341; x_wconf 85' lang='lat'><strong>3.</strong></span> <span class='ocrx_word' id='word_1_278' title='bbox 2032 4284 2479 4353; x_wconf 62' lang='lat' dir='ltr'><strong>Linxxxw,</strong></span> 
     </span>
     <span class='ocr_line' id='line_1_40' title="bbox 293 4351 1056 4429; baseline -0.007 -18"><span class='ocrx_word' id='word_1_279' title='bbox 293 4351 379 4424; x_wconf 81' lang='lat'><strong>28,</strong></span> <span class='ocrx_word' id='word_1_280' title='bbox 416 4355 470 4410; x_wconf 90' lang='grc'><strong>7.</strong></span> <span class='ocrx_word' id='word_1_281' title='bbox 505 4355 796 4411; x_wconf 78' lang='lat' dir='ltr'><strong>Dodwell.</strong></span> <span class='ocrx_word' id='word_1_282' title='bbox 835 4375 894 4429; x_wconf 91' lang='grc' dir='ltr'><strong>Ρ.</strong></span> <span class='ocrx_word' id='word_1_283' title='bbox 932 4355 1056 4411; x_wconf 81' lang='lat'><strong>289.</strong></span> 
     </span>
    </p>
   </div>
  </div>
 </body>
</html>
