3067 4975
1151 363 1667 441 Prooemaem.
2468 368 2521 441 5

330 545 466 620 tat.
580 542 776 618 Nam
841 545 907 617 si
965 541 1061 619 ab
1109 544 1708 621 Atheniensibus
1763 546 1841 622 et
1895 545 2516 625 Lacedaemoniis

331 640 781 715 discesseris
831 640 1288 742 reliquarum
1339 647 1716 717 civitatum
1778 641 1993 743 leges
2058 647 2135 720 et
2200 645 2516 719 insituta

333 747 463 839 aut
509 762 774 836 parum
826 742 1135 836 cognita
1187 742 1361 813 sunt
1409 741 1543 813 aut
1587 738 1810 839 plane
1861 748 1937 815 in
2005 739 2336 816 obscuro
2402 741 2514 816 la-

329 837 531 927 tent,
591 837 700 908 ita
761 842 845 907 ut
907 836 1170 909 harum
1230 862 1476 934 genus
1528 835 1826 938 quidem
1875 866 2126 914 rerum
2174 837 2516 939 publica-

327 958 495 1006 rum
545 936 895 1007 universe
945 932 1260 1007 indicari
1309 937 1970 1038 institutorumque
2016 963 2254 1037 parva
2293 962 2517 1037 quae-

189 1083 196 1089 -
330 1029 501 1103 dam
551 1032 959 1128 specimina
1005 1035 1286 1130 passim
1336 1040 1640 1131 reperta
1687 1059 2039 1133 proponi,
2079 1061 2233 1112 non
2268 1040 2517 1107 autem

322 1126 623 1229 plenior
674 1130 751 1200 et
799 1133 1012 1226 quasi
1062 1128 1158 1202 ad
1189 1134 1450 1204 -vivnm
1501 1156 1874 1229 expressa
1920 1136 2175 1231 imago
2208 1156 2515 1230 reprae-

324 1229 611 1299 sentari
660 1229 930 1323 possit.
1027 1228 1244 1299 Hanc
1307 1224 1406 1300 ob
1473 1254 1778 1301 causam
1829 1232 1908 1302 in
1952 1230 2517 1303 Atheniensium

323 1325 729 1424 praecipue
797 1325 875 1396 et
934 1323 1704 1405 Lacedaemoniorum
1779 1352 1864 1400 re
1926 1325 2234 1425 publica
2289 1331 2515 1399 ‘accu-

188 1469 193 1478 ·
327 1424 569 1494 ratius
638 1420 1177 1518 cognoscenda
1243 1414 1727 1522 acquiescere
1781 1425 2127 1522 oportet3
2194 1420 2288 1497 de
2336 1420 2514 1496 reli·-
2617 1435 2624 1442 ‘

328 1521 496 1617 quis
547 1543 737 1617 quae
803 1527 1184 1617 comperta
1234 1518 1459 1593 nobis
1513 1523 1591 1592 et
1642 1521 2242 1601 commemoratu,
2283 1517 2518 1617 digna

326 1618 508 1690 sunt
566 1617 951 1713 aptissime
1012 1613 1119 1687 ibi
1182 1612 1774 1713 significabimus
1836 1615 1969 1691 ubi
2031 1615 2125 1691 de
2179 1617 2514 1689 Graeca-

326 1738 492 1786 rum
557 1737 807 1785 rerum
871 1708 1340 1810 publicarum
1404 1713 1672 1787 formis
1724 1722 1799 1789 et
1844 1712 2385 1787 mutationibus
2434 1715 2513 1785 in

320 1813 749 1892 universum
803 1807 1189 1889 dicemus..
1259 1812 1614 1884 Ceterum
1667 1837 1888 1912 quum
1942 1810 2335 1909 multiplex
2383 1807 2515 1883 illa

330 1908 707 1990 Graecae⁴
795 1911 986 1979 entis
1048 1910 1125 2000 in
1184 1932 1465 2005 parvas
1535 1934 1816 2007 easque
1868 1908 2264 1982 admodum
2315 1909 2513 1981 inter

322 2029 407 2078 se
458 1932 854 2076 dissimias
908 2006 1248 2076 civitates
1301 2003 1571 2077 divisio
1634 2008 2034 2079 maximam
2094 2010 2385 2104 partem
2439 2007 2516 2076 et

325 2126 372 2174 a
419 2104 671 2175 terrae
722 2099 1014 2200 solique
1065 2108 1336 2173 natura
1406 2102 1484 2174 et
1545 2127 1594 2174 a
1656 2104 1920 2202 stirpis
1970 2104 2339 2176 varietate
2389 2125 2512 2174 re-

319 2196 651 2297 petenda
697 2200 818 2289 sit,
872 2205 1045 2270 ante
1097 2201 1348 2271 omnia
1399 2196 1492 2272 de
1545 2197 1662 2273 his
1695 2225 1996 2301 quoque
2024 2222 2267 2298 pauca
2297 2196 2517 2272 erunt

172 2305 179 2315 '
318 2293 841 2466 proponenda.
966 2295 1231 2462 “³3¹1oe
1305 2298 1552 2369 omnis
1630 2298 1898 2370 nostra
1975 2296 2509 2370 commentatio

374 2395 439 2464 is
487 2415 625 2465 sex
729 2389 1022 2466 artibus
1075 2418 1116 2462 a
1176 2390 1554 2465 solvetur:
1653 2394 1718 2466 Ι.
1770 2395 1892 2468 De
1944 2395 2310 2465 Graeciae
2362 2394 2512 2464 situ

319 2418 835 2587 magnitudine
900 2491 976 2563 et
1037 2486 1425 2564 divisione.
1525 2493 1627 2564 ΙΙ.
1680 2491 1801 2565 De
1854 2493 2322 2564 Graecorum
2369 2514 2512 2587 po-

377 2587 672 2659 ulorum
719 2585 1106 2687 stirpibus,
1205 2589 1342 2660 ΙΙΙ.
1395 2588 1516 2661 De
1571 2589 2037 2661 Graecarum
2087 2612 2339 2660 rerum
2371 2610 2512 2684 pu-

318 2614 686 2758 blicarum
738 2683 1003 2758 formis
1056 2709 1311 2758 earum
1365 2711 1462 2763 ue
1512 2685 2056 2759 mutationibus
2104 2689 2180 2756 in
2211 2687 2511 2756 univer-

321 2807 513 2871 sum.
661 2783 794 2856 lv.
866 2783 990 2855 De
1065 2807 1151 2854 re
1282 2810 1333 2856 u
1389 2780 1540 2855 lica
1614 2783 2393 2856 Lacedaemoniorum
2424 2782 2511 2873 ¹).

319 2880 415 2955 V.
467 2880 587 2952 De
636 2905 722 2952 re
769 2876 1077 2979 publica
1125 2881 1221 2951 At
1278 2882 1711 2954 eniensium.
1810 2882 1944 2954 vl,
1998 2882 2117 2952 De
2185 2903 2514 2952 commu-

320 2973 548 3050 nibus
588 2978 1059 3051 Graecorum·
1106 2975 1423 3071 iuribus,
1476 2975 1998 3071 societatibuS,
2048 2971 2515 3050 foederibus.

1297 3172 1360 3252 ς.
1410 3164 1544 3235 Ν.

465 3297 751 3370 Fontes
802 3294 1076 3385 autem,
1127 3319 1230 3369 ex
1279 3292 1556 3393 quibus
1603 3293 1871 3369 barum
1932 3319 2189 3370 rerum
2251 3295 2514 3392 cogni-

319 3395 434 3468 tio
488 3389 815 3492 petenda
866 3393 988 3483 sit,
1041 3395 1217 3465 sunt
1266 3390 1564 3492 quidem
1614 3391 1975 3492 pleraque
2046 3417 2241 3492 quae
2305 3393 2514 3464 aeta-

324 3501 474 3565 tem
526 3491 863 3564 tulerunt
912 3489 1253 3563 Graecae
1319 3515 1409 3563 ac
1467 3489 1784 3563 nonulla.
1850 3493 2075 3563 etiam
2126 3489 2517 3561 Romanae

327 3591 794 3688 antiquitatis
842 3588 1360 3660 monumenta:
1415 3614 1567 3660 non
1617 3591 1870 3660 tamen
1903 3584 2234 3659 eiusdem
2273 3588 2519 3660 omnia

326 3692 502 3759 sunt
547 3686 773 3784 pretii
825 3693 954 3757 aut
1001 3683 1401 3758 ubertatis.
1497 3687 1691 3758 Nam
1741 3687 2063 3782 primum
2116 3708 2336 3782 quum
2388 3680 2520 3755 du-

326 3781 511 3883 plex
588 3784 690 3855 sit
768 3784 1417 3854 monumentorum
1500 3808 1790 3880 genus,
1869 3779 2375 3854 litteratorum
2446 3780 2524 3852 et

323 3906 479 3952 non
533 3878 1060 3968 litteratorum,
1113 3878 1256 3951 boc
1308 3884 1725 3978 posteriuS,
1777 3882 1854 3950 in
1907 3902 2056 3977 quo
2109 3886 2284 3951 suut
2335 3904 2402 3951 v·
2455 3902 2522 3949 c.

328 3976 844 4050 aedificiorum
929 3980 1407 4076 antiquorum
1501 3979 1862 4076 reliquiae
1922 3979 2367 4076 >artiumque
2448 3975 2527 4047 et

330 4072 801 4172 opificiorum
854 4100 1122 4172 opera,
1177 4076 1486 4148 minoris
1540 4081 1656 4148 est
1705 4072 1802 4145 ad
1851 4076 2192 4149 nostrum
2227 4070 2525 4172 quidem

476 4280 534 4348 1)
572 4280 724 4332 Huic
771 4282 921 4350 parti
967 4280 1264 4335 commode
1312 4281 1690 4350 adiungemus
1740 4297 1888 4353 qnae
1924 4279 1997 4332 de
2034 4278 2400 4334 Cretensium
2438 4279 2528 4330 in·

331 4354 554 4408 stitutis
593 4355 1009 4425 Spartanorum
1039 4352 1346 4409 simillimis
1384 4359 1678 4427 comperta
1712 4351 2009 4409 habemus.
