3067 4975
347 1203 606 1287 111.
663 1206 854 1286 De
908 1204 1637 1314 Graecarum
1684 1209 2511 1306 rerum-nubli-

442 1343 844 1420 carum
894 1339 1291 1468 formis
1349 1358 1982 1439 earumque
2034 1344 2404 1423 muta-

714 1470 1220 1556 tionibus
1268 1474 1411 1556 in.
1440 1476 2130 1558 universum.

393 1779 484 1850 A.
583 1777 721 1850 De
769 1767 1056 1853 rebus
1102 1776 1525 1879 puhlicis
1575 1783 1938 1860 aetati·
1985 1780 2462 1878 heroicae.-
2529 1808 2536 1820 ¹

1338 1959 1399 2039 §.
1439 1950 1496 2025 Ι.

337 2049 779 2208 Graeciae
825 2101 1283 2205 populorum
1335 2105 1579 2207 qualis
1627 2108 1842 2181 initio
1883 2109 1960 2182 et
1984 2102 2159 2181 ante
2190 2132 2278 2214 exa
2312 2110 2501 2181 tem·

326 2244 560 2319 pora,
629 2245 949 2320 quornm
1015 2222 1411 2293 certiorem
1472 2219 1795 2322 aliquam
1857 2227 2287 2310 memoriam
2337 2223 2496 2293 Ho-

330 2342 583 2389 merus
644 2317 1009 2407 servavit,
1068 2318 1314 2390 status
1380 2318 1459 2390 et
1506 2317 1852 2392 condicio
1926 2317 2153 2392 suerit
2209 2321 2285 2389 in
2355 2315 2490 2389 ob-

327 2438 557 2488 scuro
608 2422 748 2488 est.
843 2418 1171 2493 Veteres
1210 2412 1503 2513 quidem
1554 2419 1999 2515 scriptores,
2049 2411 2319 2517 quihus
2342 2414 2492 2488 Pe·-

325 2509 531 2612 lasgi
581 2513 659 2586 et
705 2510 1035 2609 Leleges
1087 2510 1638 2586 autochthones
1686 2516 1885 2601 sunt,
1936 2512 2078 2585 hos
2128 2510 2224 2585 ab
2275 2514 2490 2584 initio

327 2607 538 2683 seros
588 2612 811 2710 atque
860 2604 1660 2701 incultoshestiarum
1726 2613 1967 2683 instar
2033 2611 2284 2708 egisse
2350 2634 2491 2682 nec

323 2710 472 2780 nisi
538 2705 925 2806 paullatim
990 2703 1086 2779 ad
1158 2704 1670 2784 humaniorem
1730 2711 2005 2781 vicium
2071 2704 2491 2805 cultumque

328 2804 809 2902 corporis¹)‚
873 2800 970 2876 ad
1027 2806 1498 2878 matrimonia
1564 2802 2078 2891 contrahenda
2103 2806 2171 2900 ²)
2248 2806 2490 2876 socie-

324 2909 701 3003 tatemque
749 2902 1066 2998 primum
1119 2898 1385 2975 domus
1435 2927 1525 2972 ac
1564 2899 1885 2975 familiae
1915 2899 2085 2973 dein
2114 2889 2489 2998 pagorn'm

326 3001 554 3100 atque
622 3025 667 3071 o
721 2995 1065 3096 pidornm
1126 2995 1522 3071 ineundam
1591 3000 2061 3097 pervenisse,
2120 2993 2489 3069 moribus-

328 3122 473 3199 que
527 3096 606 3168 et
682 3091 951 3192 egihus
999 3092 1333 3168 fundatis
1383 3092 1587 3167 cultu
1641 3121 1734 3167 ue
1800 3092 2112 3169 deorum
2178 3093 2256 3166 et
2312 3088 2487 3165 reli·

324 3190 682 3290 gionihus
744 3195 1118 3290 susceptis
1144 3193 1212 3289 ³)
1270 3217 1579 3264 mansue
1615 3193 1829 3264 actos
1895 3217 2063 3263 esse
2127 3188 2487 3262 statuunt.

328 3293 618 3366 Nostra
666 3289 914 3363 autem
964 3291 1216 3363 aetate
1267 3287 1810 3364 autochthones
1860 3285 2035 3360 illos
2074 3283 2309 3360 fuisse
2351 3282 2489 3358 du-

328 3388 503 3461 dum
564 3383 770 3460 credi
836 3383 1153 3460 desitum
1205 3394 1388 3478 est‚‘
1428 3387 1508 3460 et
1557 3382 2170 3486 quemadmodum
2219 3381 2493 3457 ceteris

206 3533 211 3536 ·
326 3487 684 3583 Europae
735 3484 963 3557 terris
1010 3485 1116 3556 ita
1168 3485 1535 3557 Graeciae
1589 3507 1884 3582 quoque
1935 3483 2219 3579 primos
2280 3483 2489 3552 inco·

326 3581 445 3657 las
497 3606 596 3654 ex
643 3583 828 3653 Asia
877 3577 1273 3655 advenisse
1321 3577 1769 3657 iudicamusz
1837 3603 2279 3679 quamquam
2328 3578 2487 3678 qui·

481 3783 546 3855 1)
586 3788 764 3843 isocr.
799 3786 1086 3859 Panegyr.
1123 3805 1170 3840 c.
1215 3788 1273 3844 6.
1297 3795 1357 3841 et
1404 3791 1486 3840 10.
1523 3786 1764 3841 moder.
1801 3787 1852 3855 1,
1889 3785 1941 3840 8.
1975 3785 2225 3841 Pansan.
2270 3785 2356 3849 11,
2399 3783 2487 3850 19,

202 3860 209 3869 '
325 3861 382 3913 5.
417 3858 584 3921 vlu,
624 3860 676 3925 l,
712 3858 765 3912 2.
825 3857 915 3912 Cf.
953 3861 1146 3912 Varro
1186 3857 1256 3910 de
1283 3859 1349 3914 rs
1366 3878 1414 3912 r.
1454 3861 1501 3925 l,
1538 3862 1590 3913 2.
1628 3860 1707 3924 11,
1751 3858 1796 3912 Ι.
1856 3859 2165 3925 Angustia.
2201 3854 2274 3908 de
2311 3857 2377 3910 G.
2421 3858 2487 3908 Ι).

327 3931 567 3994 xvlu,
604 3930 658 3985 6.
714 3928 996 3985 'Lai-cher.
1037 3930 1254 3983 Herod.
1292 3941 1425 3983 tom.
1461 3932 1585 3983 Vll
1628 3949 1685 4002 p.
1722 3929 1846 3984 274.
1899 3928 1978 3981 Et
2013 3928 2083 3981 de
2116 3929 2487 4001 βαλανηφαγίᾳ

308 4018 475 4074 'quae
511 3999 644 4054 coll.
680 4001 896 4056 Metus,
934 4001 1008 4054 ad
1045 4001 1329 4074 Lycophr.
1365 4021 1426 4055 v.
1463 4002 1589 4056 483.
1659 4036 1668 4040 -

469 4104 534 4179 2)
586 4110 839 4179 Cecrops
896 4109 1134 4182 primus·
1173 4110 1598 4163 matrimonium
1651 4110 1909 4162 sanxisse
1967 4106 2195 4161 dicitur·
2274 4104 2487 4159 Euseh.

323 4180 532 4253 Praep.
566 4197 658 4237 eu.
694 4180 779 4244 X,
809 4179 864 4232 9.

346 4284 356 4290 ’
466 4283 535 4357 3)
571 4264 852 4340 nemaei.
873 4286 947 4354 11,
978 4285 1068 4343 52.
1102 4285 1255 4340 Plat.
1294 4285 1515 4358 cnm.
1555 4306 1609 4358 p.
1634 4285 1759 4341 397.
1796 4288 1863 4341 c.
1895 4288 1969 4342 n.
1990 4287 2259 4339 Memor..
2295 4282 2490 4338 mato».

330 4356 511 4433 doctr.
548 4357 621 4411 de
655 4375 798 4412 vero
839 4357 947 4411 deo
984 4376 1042 4429 p.
1083 4356 1190 4414 164
1220 4376 1344 4433 sqq.
