3067 4975
612 377 763 455 346
1020 379 1100 454 V.
1146 379 1270 454 De
1315 401 1407 452 re
1441 377 1760 479 publica
1805 377 2401 453 Athembmm.

606 560 788 638 sunt
835 547 984 635 alia
1033 556 1310 634 delicta
1359 557 1753 654 eiusmodi,
1804 586 1996 660 quae
2038 567 2443 660 corruptos
2467 585 2789 659 pravos-

608 685 757 760 que
810 656 1396 758 delinquentium
1444 683 1699 732 mores
1751 656 2119 759 prodant,
2209 656 2471 758 quales
2544 663 2793 734 arceri

599 781 790 928 311¹?
802 753 1152 927 „¹3:323ss
1187 753 1588 927 “izi‘fflffi?
1617 763 1867 926 ,35:133
1875 753 2018 925 ²33
2023 757 2789 927 ¹⁸2300532ffi11¹¹35

600 948 785 1024 licta
868 945 1022 1023 sibi
1093 877 1465 1050 impunita1
1541 947 1711 1024 fore
1790 876 2180 1049 spemfff,
2268 921 2614 1049 publicae
2687 951 2788 1025 de

604 1043 954 1121 omnibus
989 1049 1331 1123 actiones
1362 1046 1585 1123 datae
1617 1050 1860 1139 erant,
1918 1049 2005 1120 ut
2036 1072 2397 1121 accusare
2425 1050 2659 1122 cuivis
2691 1047 2781 1122 li-

600 1144 846 1236 ceret:
929 1169 1127 1245 quae
1178 1172 1346 1238 res,
1429 1147 1722 1221 etiamsi
1769 1141 2166 1218 multarum
2216 1163 2348 1219 sae
2404 1170 2445 1221 e
2496 1144 2778 1219 calum-

596 1245 893 1316 niarum
956 1246 1595 1342 opportunitatem
1646 1239 1826 1316 fecit
1849 1244 1959 1337 9),
2033 1244 2327 1341 pertine
2386 1242 2469 1314 at
2529 1245 2783 1316 tamen

596 1338 799 1412 haud
869 1333 1094 1414 dubie
1169 1338 1450 1441 aliquid
1512 1340 1615 1414 ad
1674 1338 2142 1415 coercendos
2201 1336 2443 1413 malos
2500 1363 2782 1434 mores,

603 1462 828 1537 quum
881 1459 1074 1538 quos
1139 1440 1310 1536 ipsa
1359 1436 1737 1528 factorum
1786 1434 2177 1538 turpitudo
2225 1439 2471 1518 minus
2523 1462 2777 1511 move-

591 1535 742 1628 ret,
794 1536 1178 1633 praesenti
1227 1561 1525 1634 semper
1588 1536 2090 1608 accusationis
2140 1541 2344 1609 metu
2388 1531 2780 1608 frenaren-

589 1634 742 1706 tur.
840 1630 1136 1708 Eodem
1199 1630 1613 1732 aliquando
1682 1634 1903 1706 etiam
1966 1633 2488 1730 Areopagitici
2553 1657 2777 1705 sena-

586 1730 716 1804 tus
765 1730 1114 1829 potestas
1165 1733 1733 1830 auctoritasque
1784 1731 2134 1803 censoria
2196 1729 2597 1826 pertinuit,
2680 1725 2774 1802 de

570 1852 741 1927 qua
778 1852 1012 1925 supra
1063 1825 1344 1902 dictum
1396 1829 1669 1923 est¹⁰):
1735 1833 1809 1900 et
1856 1827 2352 1929 posteaquam
2399 1824 2600 1900 haec.
2635 1827 2772 1898 im-

583 1927 819 1997 minui
872 1929 948 1998 et
998 1920 1290 2000 aboleri
1323 1924 1628 2005 *mutato
1679 1928 1793 1999 rei
1839 1921 2193 2024 publicae
2244 1924 2451 1998 statu
2499 1924 2770 2021 coepit,

586 2024 760 2119 ipsa
822 2019 950 2094 illa
1013 2018 1365 2117 libertas,
1457 2048 1650 2122 quae
1698 2025 2186 2121 Areopagum
2250 2046 2404 2102 nou
2464 2017 2769 2113 tulerat,

586 2115 760 2191 tulit
808 2122 1062 2192 tamen
1111 2118 1310 2193 aliud
1363 2118 1782 2220 quoddam,
1854 2121 2192 2221 quamvis
2240 2117 2472 2217 longe
2524 2115 2768 2190 diver-

585 2239 788 2307 sum,
842 2241 1209 2292 censurae
1267 2242 1515 2317 genus
1565 2218 1641 2289 in
1693 2242 1922 2290 scena
1968 2213 2269 2314 publice
2320 2214 2770 2306 factitatum,

585 2338 809 2418 quum
877 2339 924 2386 a
987 2318 1286 2413 priscae
1353 2312 1792 2388 comoediae
1841 2317 2113 2411 poetis,
2166 2317 2583 2413 quicunque
2636 2310 2769 2385 ali-

578 2436 730 2509 quo
785 2409 1160 2490 dedecore
1212 2418 1287 2489 et
1325 2408 1617 2512 flagitio
1656 2413 1996 2511 insignes
2032 2422 2305 2504 essent,
2354 2405 2593 2484 libere
2623 2414 2767 2482 n'o-

577 2511 1055 2602 tarenturfl).
1156 2510 1525 2601 Quamvis
1593 2513 1786 2595 enim
1854 2535 2398 2608 saepenumero
2461 2534 2764 2582 comoe-

560 2604 751 2699 dia,
820 2603 1179 2683 libertate
1229 2607 1359 2682 illa
1398 2606 1738 2681 ‘dicendi
1767 2604 2194 2707 petulanter
2258 2610 2336 2681 et
2395 2607 2762 2704 intempe-

577 2708 840 2779 ranter
906 2702 1191 2799 abusa,
1283 2729 1652 2781 censurae
1704 2729 1891 2778 suae
1938 2708 2104 2801 ipsa
2150 2709 2295 2778 vim
2342 2703 2763 2802 infregerit,

556 2798 1079 2974 admixtifflLue
1147 2801 1377 2877 rebus
1441 2798 1846 2901 verbisque
1913 2804 2322 2877 obscoenis
2385 2807 2462 2876 et
2509 2799 2604 2874 ad
2654 2803 2761 2872 ri-

574 2923 742 2974 sum
885 2897 953 2974 le
1011 2899 1272 2975 eculae
1320 2896 1806 2999 'captandum
1884 2897 2471 2974 accommodatis
2554 2897 2760 2972 bona

577 3020 718 3072 sua
769 3025 816 3072 o
875 3001 1332 3091 scuraverit,
1399 2994 1602 3070 'nihil
1668 2999 1919 3072 tamen
1971 3024 2071 3072 ex
2122 3024 2214 3072 ea
2263 2993 2450 3071 honi
2481 2998 2582 3075 ,in
2622 3022 2761 3094 pu-

550 3091 824 3171 blicos
886 3121 1140 3171 mores
1220 3093 1693 3169 redundasse
1773 3121 1996 3171 nemo
2083 3094 2396 3188 dixerit,
2485 3093 2756 3169 dumne

571 3216 700 3269 res
749 3190 844 3268 ad
897 3192 1335 3268 hodiernam
1374 3190 1795 3267 ⁴verborum
1848 3195 2088 3292 magis
2140 3219 2358 3294 quam
2384 3190 2758 3266 factorum

548 3290 1101 3368 -verecundiam
1134 3290 1590 3367 'aestimetur
1606 3289 1730 3390 12).

1514 3469 1574 3540 5.
1623 3459 1797 3535 XC.

760 3592 973 3671 Haec
1028 3589 1265 3690 igitur
1330 3596 1581 3666 omnia
1640 3591 1948 3668 fuerunt
2012 3588 2455 3665 coercendis
2517 3590 2747 3661 mori-

567 3689 1181 3792 bus-poenarum
1244 3690 1377 3763 aut
1422 3693 1881 3790 ignominiae
1930 3693 2454 3790 irrisionisque
2506 3690 2746 3760 metu:

707 3914 774 3987 9)
812 3916 1082 3990 Xenoph.
1119 3916 1353 3973 Momm.
1390 3916 1469 3985 11,-
1503 3916 1557 3971 9.
1633 3916 1725 3973 cf.
1758 3917 1995 3985 Menag.
2033 3913 2107 3969 ad
2144 3918 2312 3983 Diog.
2349 3870 2541 3969 laert.
2577 3914 2658 3979 V,
2692 3913 2746 3968 9.

707 4023 808 4097 10)
849 4026 992 4099 Gap.
1031 4025 1064 4078 7
1101 4021 1155 4096 §.
1192 4026 1281 4080 66.
1432 4024 1435 4027 ’

709 4131 811 4202 ll)
847 4134 1052 4187 Horat.
1089 4133 1215 4187 Sat.
1253 4134 1305 4199 1,
1340 4132 1381 4186 4
1413 4133 1494 4184 in.
1546 4128 1657 4184 cf.
1695 4131 1767 4184 P.
1802 4130 1869 4183 F.
1904 4131 2318 4199 Kanngiesser,
2356 4128 2449 4183 die
2486 4128 2601 4182 alte
2635 4127 2746 4182 ko·

563 4205 780 4263 mische
815 4203 1026 4260 Biilme
1058 4224 1137 4259 zu
1169 4204 1381 4273 Athen,
1417 4216 1470 4270 p.
1508 4202 1632 4258 469.
2027 4198 2034 4209 ’
2386 4249 2391 4253 .
2447 4199 2451 4204 ’

707 4309 811 4383 12)
857 4310 948 4370 Cf.
991 4311 1229 4366 Jacobs.
1274 4312 1492 4384 scripu
1515 4307 1757 4363 miscell.
1806 4309 1903 4363 111
1937 4278 2359 4372 nsaw-333.
2439 4305 2746 4375 Boucher,
2785 4342 2792 4348 -

565 4383 986 4458 Aristophanes
1021 4383 1143 4439 und
1177 4386 1303 4443 sein
1340 4380 1637 4452 Zeitalter,
1672 4401 1730 4454 p.
1766 4380 1998 4437 37-42.
