<?xml version="1.0" encoding="UTF-8"?>
<!DOCTYPE html PUBLIC "-//W3C//DTD XHTML 1.0 Transitional//EN"
    "http://www.w3.org/TR/xhtml1/DTD/xhtml1-transitional.dtd">
<html xmlns="http://www.w3.org/1999/xhtml" xml:lang="en" lang="en">
 <head>
  <title>
</title>
<meta http-equiv="Content-Type" content="text/html;charset=utf-8" />
  <meta name='ocr-system' content='tesseract 3.04.00' />
  <meta name='ocr-capabilities' content='ocr_page ocr_carea ocr_par ocr_line ocrx_word'/>
</head>
<body>
  <div class='ocr_page' id='page_1' title='image "antiquitatesiur00schgoog_0154.png"; bbox 0 0 3067 4975; ppageno 0'>
   <div class='ocr_carea' id='block_1_1' title="bbox 17 3985 24 4703">
    <p class='ocr_par' dir='ltr' id='par_1_1' title="bbox 17 3985 24 4703">
     <span class='ocr_line' id='line_1_1' title="bbox 17 3985 24 4703; baseline 0 0"><span class='ocrx_word' id='word_1_1' title='bbox 17 3985 24 4703; x_wconf 95' lang='lat' dir='ltr'><strong> </strong></span> 
     </span>
    </p>
   </div>
   <div class='ocr_carea' id='block_1_2' title="bbox 578 396 2449 504">
    <p class='ocr_par' dir='ltr' id='par_1_2' title="bbox 578 396 2449 504">
     <span class='ocr_line' id='line_1_2' title="bbox 578 396 2449 504; baseline -0.01 -14"><span class='ocrx_word' id='word_1_2' title='bbox 578 413 723 491; x_wconf 80' lang='lat'><strong>144</strong></span> <span class='ocrx_word' id='word_1_3' title='bbox 875 412 930 489; x_wconf 96' lang='grc' dir='ltr'><strong><em>Ι</em></strong></span> <span class='ocrx_word' id='word_1_4' title='bbox 940 411 1020 484; x_wconf 89' lang='lat' dir='ltr'><strong>V.</strong></span> <span class='ocrx_word' id='word_1_5' title='bbox 1069 418 1139 484; x_wconf 18' lang='lat'><strong>1¹.</strong></span> <span class='ocrx_word' id='word_1_6' title='bbox 1168 407 1305 482; x_wconf 81' lang='lat' dir='ltr'><strong>-De</strong></span> <span class='ocrx_word' id='word_1_7' title='bbox 1356 405 1935 504; x_wconf 73' lang='lat' dir='ltr'><strong>Spartanorum</strong></span> <span class='ocrx_word' id='word_1_8' title='bbox 1980 423 2074 472; x_wconf 80' lang='lat' dir='ltr'><strong>re</strong></span> <span class='ocrx_word' id='word_1_9' title='bbox 2107 396 2449 499; x_wconf 71' lang='lat' dir='ltr'><strong>publica.</strong></span> 
     </span>
    </p>
   </div>
   <div class='ocr_carea' id='block_1_3' title="bbox 574 576 2842 3515">
    <p class='ocr_par' dir='ltr' id='par_1_3' title="bbox 574 576 2842 3515">
     <span class='ocr_line' id='line_1_3' title="bbox 578 576 2760 686; baseline -0.011 -10"><span class='ocrx_word' id='word_1_10' title='bbox 578 603 817 677; x_wconf 83' lang='lat' dir='ltr'><strong>tutum</strong></span> <span class='ocrx_word' id='word_1_11' title='bbox 867 618 1053 670; x_wconf 76' lang='lat' dir='ltr'><strong>vero</strong></span> <span class='ocrx_word' id='word_1_12' title='bbox 1106 613 1388 682; x_wconf 85' lang='lat' dir='ltr'><strong>earum,</strong></span> <span class='ocrx_word' id='word_1_13' title='bbox 1440 609 1634 686; x_wconf 89' lang='lat' dir='ltr'><strong>quae</strong></span> <span class='ocrx_word' id='word_1_14' title='bbox 1680 584 2006 659; x_wconf 82' lang='lat' dir='ltr'><strong>maxime</strong></span> <span class='ocrx_word' id='word_1_15' title='bbox 2054 578 2310 655; x_wconf 83' lang='lat' dir='ltr'><strong>viriles</strong></span> <span class='ocrx_word' id='word_1_16' title='bbox 2360 602 2453 652; x_wconf 90' lang='lat' dir='ltr'><strong>ac</strong></span> <span class='ocrx_word' id='word_1_17' title='bbox 2503 576 2760 654; x_wconf 82' lang='lat' dir='ltr'><strong>civiles</strong></span> 
     </span>
     <span class='ocr_line' id='line_1_4' title="bbox 585 677 2759 788; baseline -0.012 -14"><span class='ocrx_word' id='word_1_18' title='bbox 585 698 786 788; x_wconf 85' lang='lat' dir='ltr'><strong>sunt,</strong></span> <span class='ocrx_word' id='word_1_19' title='bbox 835 686 1329 778; x_wconf 85' lang='lat' dir='ltr'><strong>fortitudinis,</strong></span> <span class='ocrx_word' id='word_1_20' title='bbox 1378 680 1853 782; x_wconf 78' lang='lat' dir='ltr'><strong>prudentiae,</strong></span> <span class='ocrx_word' id='word_1_21' title='bbox 1902 677 2495 776; x_wconf 79' lang='lat' dir='ltr'><strong>temperantiae,</strong></span> <span class='ocrx_word' id='word_1_22' title='bbox 2543 680 2759 749; x_wconf 87' lang='lat' dir='ltr'><strong>iusti-</strong></span> 
     </span>
     <span class='ocr_line' id='line_1_5' title="bbox 583 771 2763 883; baseline -0.001 -34"><span class='ocrx_word' id='word_1_23' title='bbox 583 799 762 883; x_wconf 65' lang='lat' dir='ltr'><strong>tiae,</strong></span> <span class='ocrx_word' id='word_1_24' title='bbox 809 786 1013 863; x_wconf 86' lang='lat' dir='ltr'><strong>haud</strong></span> <span class='ocrx_word' id='word_1_25' title='bbox 1061 810 1244 861; x_wconf 89' lang='lat' dir='ltr'><strong>sane</strong></span> <span class='ocrx_word' id='word_1_26' title='bbox 1297 779 1615 858; x_wconf 76' lang='lat' dir='ltr'><strong>deerant</strong></span> <span class='ocrx_word' id='word_1_27' title='bbox 1663 772 2144 851; x_wconf 69' lang='lat' dir='ltr'><strong>validissima</strong></span> <span class='ocrx_word' id='word_1_28' title='bbox 2174 775 2304 846; x_wconf 87' lang='lat' dir='ltr'><strong>aut</strong></span> <span class='ocrx_word' id='word_1_29' title='bbox 2332 771 2763 847; x_wconf 88' lang='lat' dir='ltr'><strong>adiumenta</strong></span> 
     </span>
     <span class='ocr_line' id='line_1_6' title="bbox 590 869 2760 977; baseline -0.011 -11"><span class='ocrx_word' id='word_1_30' title='bbox 590 898 720 966; x_wconf 90' lang='lat' dir='ltr'><strong>aut</strong></span> <span class='ocrx_word' id='word_1_31' title='bbox 766 882 1254 961; x_wconf 81' lang='lat' dir='ltr'><strong>incitamenta</strong></span> <span class='ocrx_word' id='word_1_32' title='bbox 1279 881 1378 977; x_wconf 81' lang='lat'><strong>³).</strong></span> <span class='ocrx_word' id='word_1_33' title='bbox 1480 873 1642 950; x_wconf 86' lang='lat' dir='ltr'><strong>Sed</strong></span> <span class='ocrx_word' id='word_1_34' title='bbox 1715 899 2007 946; x_wconf 90' lang='lat' dir='ltr'><strong>omnem</strong></span> <span class='ocrx_word' id='word_1_35' title='bbox 2071 871 2266 947; x_wconf 88' lang='lat' dir='ltr'><strong>banc</strong></span> <span class='ocrx_word' id='word_1_36' title='bbox 2328 873 2442 943; x_wconf 88' lang='lat' dir='ltr'><strong>rei</strong></span> <span class='ocrx_word' id='word_1_37' title='bbox 2508 869 2760 969; x_wconf 88' lang='lat' dir='ltr'><strong>publi-</strong></span> 
     </span>
     <span class='ocr_line' id='line_1_7' title="bbox 588 969 2842 1068; baseline -0.011 -5"><span class='ocrx_word' id='word_1_38' title='bbox 588 1013 724 1063; x_wconf 91' lang='lat' dir='ltr'><strong>cae</strong></span> <span class='ocrx_word' id='word_1_39' title='bbox 774 979 1293 1058; x_wconf 90' lang='lat' dir='ltr'><strong>condicionem</strong></span> <span class='ocrx_word' id='word_1_40' title='bbox 1346 969 1713 1050; x_wconf 86' lang='lat' dir='ltr'><strong>eiusmodi</strong></span> <span class='ocrx_word' id='word_1_41' title='bbox 1760 970 1992 1043; x_wconf 79' lang='lat' dir='ltr'><strong>fuisse</strong></span> <span class='ocrx_word' id='word_1_42' title='bbox 2021 995 2116 1067; x_wconf 91' lang='lat' dir='ltr'><strong>ap</strong></span> <span class='ocrx_word' id='word_1_43' title='bbox 2175 969 2363 1057; x_wconf 80' lang='lat' dir='ltr'><strong>aret,</strong></span> <span class='ocrx_word' id='word_1_44' title='bbox 2415 993 2606 1068; x_wconf 91' lang='lat' dir='ltr'><strong>quae</strong></span> <span class='ocrx_word' id='word_1_45' title='bbox 2639 993 2762 1039; x_wconf 87' lang='lat' dir='ltr'><strong>re·</strong></span> <span class='ocrx_word' id='word_1_46' title='bbox 2831 991 2842 1059; x_wconf 78' lang='lat' dir='ltr'><em>j</em></span> 
     </span>
     <span class='ocr_line' id='line_1_8' title="bbox 588 1063 2767 1168; baseline -0.011 -9"><span class='ocrx_word' id='word_1_47' title='bbox 588 1083 815 1159; x_wconf 87' lang='lat' dir='ltr'><strong>tineri</strong></span> <span class='ocrx_word' id='word_1_48' title='bbox 885 1105 974 1152; x_wconf 86' lang='lat' dir='ltr'><strong>ac</strong></span> <span class='ocrx_word' id='word_1_49' title='bbox 1036 1079 1326 1151; x_wconf 86' lang='lat' dir='ltr'><strong>servari</strong></span> <span class='ocrx_word' id='word_1_50' title='bbox 1386 1072 1691 1168; x_wconf 82' lang='lat' dir='ltr'><strong>integra</strong></span> <span class='ocrx_word' id='word_1_51' title='bbox 1753 1093 1909 1140; x_wconf 89' lang='lat' dir='ltr'><strong>non</strong></span> <span class='ocrx_word' id='word_1_52' title='bbox 1956 1063 2105 1139; x_wconf 85' lang='lat' dir='ltr'><strong>faci</strong></span> <span class='ocrx_word' id='word_1_53' title='bbox 2138 1091 2180 1138; x_wconf 92' lang='lat' dir='ltr'><strong>e</strong></span> <span class='ocrx_word' id='word_1_54' title='bbox 2244 1065 2553 1163; x_wconf 88' lang='lat' dir='ltr'><strong>posset,</strong></span> <span class='ocrx_word' id='word_1_55' title='bbox 2616 1066 2767 1137; x_wconf 90' lang='lat' dir='ltr'><strong>nisi</strong></span> 
     </span>
     <span class='ocr_line' id='line_1_9' title="bbox 593 1159 2766 1282; baseline -0.011 -28"><span class='ocrx_word' id='word_1_56' title='bbox 593 1175 945 1282; x_wconf 80' lang='lat' dir='ltr'><strong>quamdiu</strong></span> <span class='ocrx_word' id='word_1_57' title='bbox 995 1174 1362 1272; x_wconf 86' lang='lat' dir='ltr'><strong>Spartani</strong></span> <span class='ocrx_word' id='word_1_58' title='bbox 1424 1169 1706 1242; x_wconf 86' lang='lat' dir='ltr'><strong>veteris</strong></span> <span class='ocrx_word' id='word_1_59' title='bbox 1765 1159 2327 1264; x_wconf 77' lang='lat' dir='ltr'><strong>aequabilitatis</strong></span> <span class='ocrx_word' id='word_1_60' title='bbox 2387 1187 2479 1234; x_wconf 87' lang='lat' dir='ltr'><strong>ac</strong></span> <span class='ocrx_word' id='word_1_61' title='bbox 2539 1159 2766 1234; x_wconf 88' lang='lat' dir='ltr'><strong>disci-</strong></span> 
     </span>
     <span class='ocr_line' id='line_1_10' title="bbox 588 1257 2768 1378; baseline -0.009 -27"><span class='ocrx_word' id='word_1_62' title='bbox 588 1279 839 1378; x_wconf 87' lang='lat' dir='ltr'><strong>plinae</strong></span> <span class='ocrx_word' id='word_1_63' title='bbox 889 1271 1124 1346; x_wconf 82' lang='lat' dir='ltr'><strong>civilis</strong></span> <span class='ocrx_word' id='word_1_64' title='bbox 1172 1278 1482 1346; x_wconf 81' lang='lat' dir='ltr'><strong>tenaces</strong></span> <span class='ocrx_word' id='word_1_65' title='bbox 1530 1266 1836 1361; x_wconf 89' lang='lat' dir='ltr'><strong>suisque</strong></span> <span class='ocrx_word' id='word_1_66' title='bbox 1885 1257 2118 1333; x_wconf 90' lang='lat' dir='ltr'><strong>rebus</strong></span> <span class='ocrx_word' id='word_1_67' title='bbox 2169 1261 2505 1348; x_wconf 82' lang='lat' dir='ltr'><strong>contenti</strong></span> <span class='ocrx_word' id='word_1_68' title='bbox 2567 1261 2768 1332; x_wconf 84' lang='lat' dir='ltr'><strong>vive-</strong></span> 
     </span>
     <span class='ocr_line' id='line_1_11' title="bbox 591 1353 2772 1466; baseline -0.011 -16"><span class='ocrx_word' id='word_1_69' title='bbox 591 1374 790 1466; x_wconf 87' lang='lat' dir='ltr'><strong>rent,</strong></span> <span class='ocrx_word' id='word_1_70' title='bbox 855 1367 1118 1453; x_wconf 84' lang='lat' dir='ltr'><strong>alienis</strong></span> <span class='ocrx_word' id='word_1_71' title='bbox 1156 1371 1423 1443; x_wconf 82' lang='lat' dir='ltr'><strong>autem</strong></span> <span class='ocrx_word' id='word_1_72' title='bbox 1464 1369 1542 1437; x_wconf 83' lang='lat' dir='ltr'><strong>et</strong></span> <span class='ocrx_word' id='word_1_73' title='bbox 1587 1357 1689 1457; x_wconf 39' lang='lat' dir='ltr'><strong>,ab</strong></span> <span class='ocrx_word' id='word_1_74' title='bbox 1739 1361 2078 1457; x_wconf 81' lang='lat' dir='ltr'><strong>ipsorum</strong></span> <span class='ocrx_word' id='word_1_75' title='bbox 2129 1353 2433 1431; x_wconf 87' lang='lat' dir='ltr'><strong>modulo</strong></span> <span class='ocrx_word' id='word_1_76' title='bbox 2486 1353 2772 1428; x_wconf 84' lang='lat' dir='ltr'><strong>abbor-</strong></span> 
     </span>
     <span class='ocr_line' id='line_1_12' title="bbox 591 1451 2774 1553; baseline -0.011 -6"><span class='ocrx_word' id='word_1_77' title='bbox 591 1466 935 1547; x_wconf 84' lang='lat' dir='ltr'><strong>rentibus</strong></span> <span class='ocrx_word' id='word_1_78' title='bbox 978 1492 1156 1538; x_wconf 80' lang='lat' dir='ltr'><strong>non</strong></span> <span class='ocrx_word' id='word_1_79' title='bbox 1218 1464 1834 1541; x_wconf 85' lang='lat' dir='ltr'><strong>immiscerentur.</strong></span> <span class='ocrx_word' id='word_1_80' title='bbox 1917 1451 2096 1540; x_wconf 84' lang='lat' dir='ltr'><strong>Sed</strong></span> <span class='ocrx_word' id='word_1_81' title='bbox 2152 1459 2644 1553; x_wconf 84' lang='lat' dir='ltr'><strong>posteaquam</strong></span> <span class='ocrx_word' id='word_1_82' title='bbox 2695 1458 2774 1525; x_wconf 80' lang='lat' dir='ltr'><strong>et</strong></span> 
     </span>
     <span class='ocr_line' id='line_1_13' title="bbox 590 1548 2773 1662; baseline -0.011 -18"><span class='ocrx_word' id='word_1_83' title='bbox 590 1566 970 1644; x_wconf 85' lang='lat' dir='ltr'><strong>bonorum</strong></span> <span class='ocrx_word' id='word_1_84' title='bbox 1006 1615 1011 1621; x_wconf 93' lang='lat'>-</span> <span class='ocrx_word' id='word_1_85' title='bbox 1048 1560 1464 1662; x_wconf 84' lang='lat' dir='ltr'><strong>aequalitas</strong></span> <span class='ocrx_word' id='word_1_86' title='bbox 1533 1551 1876 1630; x_wconf 56' lang='lat' dir='ltr'><strong>turbata</strong></span> <span class='ocrx_word' id='word_1_87' title='bbox 1910 1554 1988 1625; x_wconf 88' lang='lat' dir='ltr'><strong>et</strong></span> <span class='ocrx_word' id='word_1_88' title='bbox 2064 1548 2460 1647; x_wconf 83' lang='lat' dir='ltr'><strong>disciplina</strong></span> <span class='ocrx_word' id='word_1_89' title='bbox 2535 1549 2773 1622; x_wconf 81' lang='lat' dir='ltr'><strong>civilis</strong></span> 
     </span>
     <span class='ocr_line' id='line_1_14' title="bbox 594 1644 2774 1750; baseline -0.01 -11"><span class='ocrx_word' id='word_1_90' title='bbox 594 1660 1054 1741; x_wconf 75' lang='lat' dir='ltr'><strong>labefactata</strong></span> <span class='ocrx_word' id='word_1_91' title='bbox 1104 1660 1245 1750; x_wconf 87' lang='lat' dir='ltr'><strong>est,</strong></span> <span class='ocrx_word' id='word_1_92' title='bbox 1299 1649 1769 1750; x_wconf 82' lang='lat' dir='ltr'><strong>habendique</strong></span> <span class='ocrx_word' id='word_1_93' title='bbox 1819 1649 2043 1747; x_wconf 89' lang='lat' dir='ltr'><strong>atque</strong></span> <span class='ocrx_word' id='word_1_94' title='bbox 2092 1644 2511 1745; x_wconf 86' lang='lat' dir='ltr'><strong>imperandi</strong></span> <span class='ocrx_word' id='word_1_95' title='bbox 2559 1648 2774 1744; x_wconf 88' lang='lat' dir='ltr'><strong>cupi-</strong></span> 
     </span>
     <span class='ocr_line' id='line_1_15' title="bbox 600 1743 2772 1856; baseline -0.016 -19"><span class='ocrx_word' id='word_1_96' title='bbox 600 1762 834 1838; x_wconf 88' lang='lat' dir='ltr'><strong>ditate</strong></span> <span class='ocrx_word' id='word_1_97' title='bbox 886 1755 1178 1856; x_wconf 83' lang='lat' dir='ltr'><strong>abrepti</strong></span> <span class='ocrx_word' id='word_1_98' title='bbox 1227 1755 1646 1851; x_wconf 82' lang='lat' dir='ltr'><strong>longinqua</strong></span> <span class='ocrx_word' id='word_1_99' title='bbox 1694 1743 1899 1821; x_wconf 88' lang='lat' dir='ltr'><strong>bella</strong></span> <span class='ocrx_word' id='word_1_100' title='bbox 1946 1766 2265 1842; x_wconf 78' lang='lat' dir='ltr'><strong>gerere,</strong></span> <span class='ocrx_word' id='word_1_101' title='bbox 2314 1749 2587 1842; x_wconf 73' lang='lat' dir='ltr'><strong>gentes</strong></span> <span class='ocrx_word' id='word_1_102' title='bbox 2635 1768 2772 1816; x_wconf 73' lang='lat' dir='ltr'><strong>ex..</strong></span> 
     </span>
     <span class='ocr_line' id='line_1_16' title="bbox 574 1839 2778 1939; baseline -0.01 -8"><span class='ocrx_word' id='word_1_103' title='bbox 574 1865 806 1934; x_wconf 76' lang='lat' dir='ltr'><strong>‚teras</strong></span> <span class='ocrx_word' id='word_1_104' title='bbox 856 1853 1006 1929; x_wconf 89' lang='lat' dir='ltr'><strong>sibi</strong></span> <span class='ocrx_word' id='word_1_105' title='bbox 1056 1852 1435 1927; x_wconf 84' lang='lat' dir='ltr'><strong>obnoxias</strong></span> <span class='ocrx_word' id='word_1_106' title='bbox 1483 1847 1763 1937; x_wconf 83' lang='lat' dir='ltr'><strong>facere,</strong></span> <span class='ocrx_word' id='word_1_107' title='bbox 1814 1844 2046 1915; x_wconf 88' lang='lat' dir='ltr'><strong>maris</strong></span> <span class='ocrx_word' id='word_1_108' title='bbox 2098 1841 2324 1939; x_wconf 84' lang='lat' dir='ltr'><strong>atque</strong></span> <span class='ocrx_word' id='word_1_109' title='bbox 2361 1839 2778 1916; x_wconf 85' lang='lat' dir='ltr'><strong>insularum</strong></span> 
     </span>
     <span class='ocr_line' id='line_1_17' title="bbox 600 1934 2777 2040; baseline -0.01 -11"><span class='ocrx_word' id='word_1_110' title='bbox 600 1954 1185 2029; x_wconf 84' lang='lat' dir='ltr'><strong>dominationem</strong></span> <span class='ocrx_word' id='word_1_111' title='bbox 1237 1946 1598 2023; x_wconf 85' lang='lat' dir='ltr'><strong>affectare</strong></span> <span class='ocrx_word' id='word_1_112' title='bbox 1628 1939 2069 2040; x_wconf 90' lang='lat' dir='ltr'><strong>coeperunt,</strong></span> <span class='ocrx_word' id='word_1_113' title='bbox 2122 1934 2532 2012; x_wconf 88' lang='lat' dir='ltr'><strong>obscurata</strong></span> <span class='ocrx_word' id='word_1_114' title='bbox 2559 1935 2777 2036; x_wconf 84' lang='lat' dir='ltr'><strong>paul-</strong></span> 
     </span>
     <span class='ocr_line' id='line_1_18' title="bbox 598 2033 2777 2165; baseline -0.01 -39"><span class='ocrx_word' id='word_1_115' title='bbox 598 2053 804 2126; x_wconf 83' lang='lat' dir='ltr'><strong>latim</strong></span> <span class='ocrx_word' id='word_1_116' title='bbox 855 2049 1287 2148; x_wconf 87' lang='lat' dir='ltr'><strong>Spartanae</strong></span> <span class='ocrx_word' id='word_1_117' title='bbox 1337 2046 1452 2117; x_wconf 91' lang='lat' dir='ltr'><strong>rei</strong></span> <span class='ocrx_word' id='word_1_118' title='bbox 1498 2035 1853 2165; x_wconf 79' lang='lat' dir='ltr'><strong>publicae</strong></span> <span class='ocrx_word' id='word_1_119' title='bbox 1907 2033 2107 2109; x_wconf 90' lang='lat' dir='ltr'><strong>bona</strong></span> <span class='ocrx_word' id='word_1_120' title='bbox 2171 2059 2501 2136; x_wconf 81' lang='lat' dir='ltr'><strong>moxque</strong></span> <span class='ocrx_word' id='word_1_121' title='bbox 2564 2035 2777 2133; x_wconf 88' lang='lat' dir='ltr'><strong>peni-</strong></span> 
     </span>
     <span class='ocr_line' id='line_1_19' title="bbox 600 2128 2782 2234; baseline -0.011 -10"><span class='ocrx_word' id='word_1_122' title='bbox 600 2157 726 2224; x_wconf 87' lang='lat' dir='ltr'><strong>tus</strong></span> <span class='ocrx_word' id='word_1_123' title='bbox 790 2147 1128 2222; x_wconf 85' lang='lat' dir='ltr'><strong>extincta</strong></span> <span class='ocrx_word' id='word_1_124' title='bbox 1178 2144 1379 2217; x_wconf 85' lang='lat' dir='ltr'><strong>sunt.</strong></span> <span class='ocrx_word' id='word_1_125' title='bbox 1477 2140 1583 2211; x_wconf 70' lang='lat' dir='ltr'><strong>ht</strong></span> <span class='ocrx_word' id='word_1_126' title='bbox 1628 2136 1893 2234; x_wconf 82' lang='lat' dir='ltr'><strong>primis</strong></span> <span class='ocrx_word' id='word_1_127' title='bbox 1962 2130 2261 2234; x_wconf 89' lang='lat' dir='ltr'><strong>quidem</strong></span> <span class='ocrx_word' id='word_1_128' title='bbox 2314 2128 2782 2230; x_wconf 88' lang='lat' dir='ltr'><strong>temporibus</strong></span> 
     </span>
     <span class='ocr_line' id='line_1_20' title="bbox 604 2228 2782 2346; baseline -0.01 -25"><span class='ocrx_word' id='word_1_129' title='bbox 604 2247 997 2346; x_wconf 76' lang='lat' dir='ltr'><strong>Spartani,</strong></span> <span class='ocrx_word' id='word_1_130' title='bbox 1049 2240 1362 2314; x_wconf 84' lang='lat' dir='ltr'><strong>devictis</strong></span> <span class='ocrx_word' id='word_1_131' title='bbox 1414 2234 1824 2330; x_wconf 81' lang='lat' dir='ltr'><strong>Messeniis</strong></span> <span class='ocrx_word' id='word_1_132' title='bbox 1849 2228 1963 2327; x_wconf 71' lang='lat'><strong>4),</strong></span> <span class='ocrx_word' id='word_1_133' title='bbox 2011 2228 2277 2305; x_wconf 84' lang='lat' dir='ltr'><strong>fractis</strong></span> <span class='ocrx_word' id='word_1_134' title='bbox 2324 2231 2782 2326; x_wconf 80' lang='lat' dir='ltr'><strong>Argivorum</strong></span> 
     </span>
     <span class='ocr_line' id='line_1_21' title="bbox 602 2326 2778 2435; baseline -0.01 -17"><span class='ocrx_word' id='word_1_135' title='bbox 602 2342 890 2418; x_wconf 85' lang='lat' dir='ltr'><strong>viribus</strong></span> <span class='ocrx_word' id='word_1_136' title='bbox 917 2342 1022 2435; x_wconf 89' lang='lat'><strong>⁵),</strong></span> <span class='ocrx_word' id='word_1_137' title='bbox 1088 2326 1513 2412; x_wconf 85' lang='lat' dir='ltr'><strong>Arcadibus</strong></span> <span class='ocrx_word' id='word_1_138' title='bbox 1628 2329 1958 2429; x_wconf 88' lang='lat' dir='ltr'><strong>lerisque</strong></span> <span class='ocrx_word' id='word_1_139' title='bbox 2023 2328 2104 2399; x_wconf 88' lang='lat' dir='ltr'><strong>in</strong></span> <span class='ocrx_word' id='word_1_140' title='bbox 2152 2329 2597 2399; x_wconf 84' lang='lat' dir='ltr'><strong>societatem</strong></span> <span class='ocrx_word' id='word_1_141' title='bbox 2651 2351 2778 2398; x_wconf 89' lang='lat' dir='ltr'><strong>ac-</strong></span> 
     </span>
     <span class='ocr_line' id='line_1_22' title="bbox 605 2418 2784 2532; baseline -0.01 -15"><span class='ocrx_word' id='word_1_142' title='bbox 605 2469 690 2517; x_wconf 88' lang='lat' dir='ltr'><strong>ce</strong></span> <span class='ocrx_word' id='word_1_143' title='bbox 748 2443 847 2514; x_wconf 91' lang='lat' dir='ltr'><strong>tis</strong></span> <span class='ocrx_word' id='word_1_144' title='bbox 874 2439 983 2532; x_wconf 87' lang='lat'><strong>⁶),</strong></span> <span class='ocrx_word' id='word_1_145' title='bbox 1060 2437 1383 2510; x_wconf 89' lang='lat' dir='ltr'><strong>omnium</strong></span> <span class='ocrx_word' id='word_1_146' title='bbox 1460 2431 1573 2504; x_wconf 90' lang='lat' dir='ltr'><strong>Pe</strong></span> <span class='ocrx_word' id='word_1_147' title='bbox 1607 2427 1981 2526; x_wconf 88' lang='lat' dir='ltr'><strong>oponnesi</strong></span> <span class='ocrx_word' id='word_1_148' title='bbox 2046 2421 2503 2523; x_wconf 89' lang='lat' dir='ltr'><strong>populorum</strong></span> <span class='ocrx_word' id='word_1_149' title='bbox 2587 2418 2784 2496; x_wconf 88' lang='lat' dir='ltr'><strong>baud</strong></span> 
     </span>
     <span class='ocr_line' id='line_1_23' title="bbox 607 2520 2782 2635; baseline -0.01 -22"><span class='ocrx_word' id='word_1_150' title='bbox 607 2539 704 2613; x_wconf 93' lang='lat' dir='ltr'><strong>du</strong></span> <span class='ocrx_word' id='word_1_151' title='bbox 762 2542 834 2612; x_wconf 91' lang='lat' dir='ltr'><strong>ie</strong></span> <span class='ocrx_word' id='word_1_152' title='bbox 881 2534 1383 2635; x_wconf 83' lang='lat' dir='ltr'><strong>potentissimi</strong></span> <span class='ocrx_word' id='word_1_153' title='bbox 1432 2526 1640 2619; x_wconf 80' lang='lat' dir='ltr'><strong>facti,</strong></span> <span class='ocrx_word' id='word_1_154' title='bbox 1691 2548 1980 2597; x_wconf 84' lang='lat' dir='ltr'><strong>summa</strong></span> <span class='ocrx_word' id='word_1_155' title='bbox 2030 2520 2235 2620; x_wconf 85' lang='lat' dir='ltr'><strong>apud</strong></span> <span class='ocrx_word' id='word_1_156' title='bbox 2284 2530 2582 2595; x_wconf 82' lang='lat' dir='ltr'><strong>ceteros</strong></span> <span class='ocrx_word' id='word_1_157' title='bbox 2646 2545 2782 2592; x_wconf 83' lang='lat' dir='ltr'><strong>au-</strong></span> 
     </span>
     <span class='ocr_line' id='line_1_24' title="bbox 609 2620 2785 2730; baseline -0.01 -20"><span class='ocrx_word' id='word_1_158' title='bbox 609 2637 962 2710; x_wconf 85' lang='lat' dir='ltr'><strong>ctoritate</strong></span> <span class='ocrx_word' id='word_1_159' title='bbox 1010 2627 1451 2730; x_wconf 81' lang='lat' dir='ltr'><strong>pollebant,</strong></span> <span class='ocrx_word' id='word_1_160' title='bbox 1508 2620 2152 2722; x_wconf 74' lang='lat' dir='ltr'><strong>eaque.,contenti</strong></span> <span class='ocrx_word' id='word_1_161' title='bbox 2219 2620 2472 2694; x_wconf 85' lang='lat' dir='ltr'><strong>socios</strong></span> <span class='ocrx_word' id='word_1_162' title='bbox 2538 2642 2785 2716; x_wconf 89' lang='lat' dir='ltr'><strong>aequo</strong></span> 
     </span>
     <span class='ocr_line' id='line_1_25' title="bbox 608 2715 2789 2813; baseline -0.013 -4"><span class='ocrx_word' id='word_1_163' title='bbox 608 2730 920 2809; x_wconf 79' lang='lat' dir='ltr'><strong>foedere</strong></span> <span class='ocrx_word' id='word_1_164' title='bbox 983 2730 1307 2802; x_wconf 85' lang='lat' dir='ltr'><strong>iunctos·</strong></span> <span class='ocrx_word' id='word_1_165' title='bbox 1351 2717 1738 2797; x_wconf 86' lang='lat' dir='ltr'><strong>habebant</strong></span> <span class='ocrx_word' id='word_1_166' title='bbox 1762 2716 1835 2813; x_wconf 64' lang='lat'><strong>⁷2)</strong></span> <span class='ocrx_word' id='word_1_167' title='bbox 1914 2741 2057 2790; x_wconf 89' lang='lat' dir='ltr'><strong>nec</strong></span> <span class='ocrx_word' id='word_1_168' title='bbox 2129 2716 2656 2813; x_wconf 81' lang='lat' dir='ltr'><strong>principatum.</strong></span> <span class='ocrx_word' id='word_1_169' title='bbox 2708 2715 2789 2787; x_wconf 87' lang='lat' dir='ltr'><strong>in</strong></span> 
     </span>
     <span class='ocr_line' id='line_1_26' title="bbox 611 2809 2790 2911; baseline -0.01 -7"><span class='ocrx_word' id='word_1_170' title='bbox 611 2827 1194 2904; x_wconf 89' lang='lat' dir='ltr'><strong>dominationem</strong></span> <span class='ocrx_word' id='word_1_171' title='bbox 1244 2821 1544 2895; x_wconf 81' lang='lat' dir='ltr'><strong>vertere</strong></span> <span class='ocrx_word' id='word_1_172' title='bbox 1594 2813 1963 2888; x_wconf 89' lang='lat' dir='ltr'><strong>conantes</strong></span> <span class='ocrx_word' id='word_1_173' title='bbox 2014 2837 2179 2886; x_wconf 89' lang='lat' dir='ltr'><strong>eam</strong></span> <span class='ocrx_word' id='word_1_174' title='bbox 2230 2809 2507 2911; x_wconf 90' lang='lat' dir='ltr'><strong>ubique</strong></span> <span class='ocrx_word' id='word_1_175' title='bbox 2534 2829 2790 2885; x_wconf 89' lang='lat' dir='ltr'><strong>rerum</strong></span> 
     </span>
     <span class='ocr_line' id='line_1_27' title="bbox 601 2906 2791 3021; baseline -0.011 -18"><span class='ocrx_word' id='word_1_176' title='bbox 601 2926 967 3014; x_wconf 81' lang='lat' dir='ltr'><strong>formam,</strong></span> <span class='ocrx_word' id='word_1_177' title='bbox 1032 2925 1126 2994; x_wconf 88' lang='lat' dir='ltr'><strong>-in</strong></span> <span class='ocrx_word' id='word_1_178' title='bbox 1193 2944 1340 3021; x_wconf 90' lang='lat' dir='ltr'><strong>qua</strong></span> <span class='ocrx_word' id='word_1_179' title='bbox 1399 2910 1857 3015; x_wconf 84' lang='lat' dir='ltr'><strong>populorum</strong></span> <span class='ocrx_word' id='word_1_180' title='bbox 1921 2906 2236 2983; x_wconf 88' lang='lat' dir='ltr'><strong>libertas</strong></span> <span class='ocrx_word' id='word_1_181' title='bbox 2321 2911 2791 3006; x_wconf 84' lang='lat' dir='ltr'><strong>optimatium</strong></span> 
     </span>
     <span class='ocr_line' id='line_1_28' title="bbox 608 3001 2796 3125; baseline -0.011 -26"><span class='ocrx_word' id='word_1_182' title='bbox 608 3025 954 3125; x_wconf 81' lang='lat' dir='ltr'><strong>potentia</strong></span> <span class='ocrx_word' id='word_1_183' title='bbox 1000 3024 1423 3117; x_wconf 78' lang='lat' dir='ltr'><strong>regeretur,</strong></span> <span class='ocrx_word' id='word_1_184' title='bbox 1473 3009 1592 3084; x_wconf 85' lang='lat' dir='ltr'><strong>vel</strong></span> <span class='ocrx_word' id='word_1_185' title='bbox 1643 3009 1913 3082; x_wconf 86' lang='lat' dir='ltr'><strong>contra</strong></span> <span class='ocrx_word' id='word_1_186' title='bbox 1974 3006 2378 3106; x_wconf 72' lang='lat' dir='ltr'><strong>tyrannos,</strong></span> <span class='ocrx_word' id='word_1_187' title='bbox 2436 3009 2561 3104; x_wconf 88' lang='lat' dir='ltr'><strong>qui</strong></span> <span class='ocrx_word' id='word_1_188' title='bbox 2624 3001 2796 3077; x_wconf 88' lang='lat' dir='ltr'><strong>ubi-</strong></span> 
     </span>
     <span class='ocr_line' id='line_1_29' title="bbox 616 3099 2794 3224; baseline -0.009 -29"><span class='ocrx_word' id='word_1_189' title='bbox 616 3148 762 3224; x_wconf 89' lang='lat' dir='ltr'><strong>que</strong></span> <span class='ocrx_word' id='word_1_190' title='bbox 814 3117 1265 3205; x_wconf 82' lang='lat' dir='ltr'><strong>extitissent,</strong></span> <span class='ocrx_word' id='word_1_191' title='bbox 1315 3106 1439 3184; x_wconf 86' lang='lat' dir='ltr'><strong>vel</strong></span> <span class='ocrx_word' id='word_1_192' title='bbox 1490 3112 1759 3182; x_wconf 84' lang='lat' dir='ltr'><strong>contra</strong></span> <span class='ocrx_word' id='word_1_193' title='bbox 1795 3102 2344 3178; x_wconf 77' lang='lat' dir='ltr'><strong>&#39;democratiam</strong></span> <span class='ocrx_word' id='word_1_194' title='bbox 2382 3099 2794 3176; x_wconf 86' lang='lat' dir='ltr'><strong>tuebantur</strong></span> 
     </span>
     <span class='ocr_line' id='line_1_30' title="bbox 620 3197 2793 3303; baseline -0.01 -11"><span class='ocrx_word' id='word_1_195' title='bbox 620 3222 696 3294; x_wconf 90' lang='lat' dir='ltr'><strong>et</strong></span> <span class='ocrx_word' id='word_1_196' title='bbox 745 3210 1220 3289; x_wconf 80' lang='lat' dir='ltr'><strong>vindicabant</strong></span> <span class='ocrx_word' id='word_1_197' title='bbox 1246 3213 1349 3303; x_wconf 79' lang='lat'><strong>⁸):</strong></span> <span class='ocrx_word' id='word_1_198' title='bbox 1400 3206 1762 3303; x_wconf 88' lang='lat' dir='ltr'><strong>tantaque</strong></span> <span class='ocrx_word' id='word_1_199' title='bbox 1810 3199 1984 3274; x_wconf 89' lang='lat' dir='ltr'><strong>hinc</strong></span> <span class='ocrx_word' id='word_1_200' title='bbox 2034 3197 2234 3297; x_wconf 90' lang='lat' dir='ltr'><strong>apud</strong></span> <span class='ocrx_word' id='word_1_201' title='bbox 2271 3225 2534 3274; x_wconf 85' lang='lat' dir='ltr'><strong>omues</strong></span> <span class='ocrx_word' id='word_1_202' title='bbox 2565 3202 2793 3273; x_wconf 87' lang='lat' dir='ltr'><strong>etiam</strong></span> 
     </span>
     <span class='ocr_line' id='line_1_31' title="bbox 618 3294 2790 3408; baseline -0.011 -19"><span class='ocrx_word' id='word_1_203' title='bbox 618 3316 843 3391; x_wconf 85' lang='lat' dir='ltr'><strong>extra</strong></span> <span class='ocrx_word' id='word_1_204' title='bbox 903 3309 1520 3408; x_wconf 84' lang='lat' dir='ltr'><strong>Peloponnesum</strong></span> <span class='ocrx_word' id='word_1_205' title='bbox 1582 3324 1842 3376; x_wconf 89' lang='lat' dir='ltr'><strong>eorum</strong></span> <span class='ocrx_word' id='word_1_206' title='bbox 1907 3294 2050 3370; x_wconf 79' lang='lat' dir='ltr'><strong>fuit</strong></span> <span class='ocrx_word' id='word_1_207' title='bbox 2114 3298 2614 3390; x_wconf 82' lang='lat' dir='ltr'><strong>existimatio,</strong></span> <span class='ocrx_word' id='word_1_208' title='bbox 2678 3298 2790 3389; x_wconf 86' lang='lat' dir='ltr'><strong>ut,</strong></span> 
     </span>
     <span class='ocr_line' id='line_1_32' title="bbox 621 3394 2797 3515; baseline -0.008 -30"><span class='ocrx_word' id='word_1_209' title='bbox 621 3435 844 3515; x_wconf 87' lang='lat' dir='ltr'><strong>quum</strong></span> <span class='ocrx_word' id='word_1_210' title='bbox 905 3404 1086 3492; x_wconf 80' lang='lat' dir='ltr'><strong>belli</strong></span> <span class='ocrx_word' id='word_1_211' title='bbox 1146 3403 1441 3479; x_wconf 86' lang='lat' dir='ltr'><strong>Persici</strong></span> <span class='ocrx_word' id='word_1_212' title='bbox 1504 3400 1710 3472; x_wconf 90' lang='lat' dir='ltr'><strong>metu</strong></span> <span class='ocrx_word' id='word_1_213' title='bbox 1773 3394 2138 3494; x_wconf 88' lang='lat' dir='ltr'><strong>pleraque</strong></span> <span class='ocrx_word' id='word_1_214' title='bbox 2212 3394 2535 3467; x_wconf 79' lang='lat' dir='ltr'><strong>Graecia</strong></span> <span class='ocrx_word' id='word_1_215' title='bbox 2595 3395 2797 3467; x_wconf 85' lang='lat' dir='ltr'><strong>vires</strong></span> 
     </span>
    </p>
   </div>
   <div class='ocr_carea' id='block_1_4' title="bbox 625 3541 755 3558">
    <p class='ocr_par' dir='ltr' id='par_1_4' title="bbox 625 3541 755 3558">
     <span class='ocr_line' id='line_1_33' title="bbox 625 3541 755 3558; baseline -0.023 -3"><span class='ocrx_word' id='word_1_216' title='bbox 625 3541 755 3558; x_wconf 62' lang='grc' dir='ltr'><strong>...α-</strong></span> 
     </span>
    </p>
   </div>
   <div class='ocr_carea' id='block_1_5' title="bbox 762 3535 1017 3550">
    <p class='ocr_par' dir='ltr' id='par_1_5' title="bbox 762 3535 1017 3550">
     <span class='ocr_line' id='line_1_34' title="bbox 762 3535 1017 3550; baseline 0 1425"><span class='ocrx_word' id='word_1_217' title='bbox 762 3535 1017 3550; x_wconf 95' lang='lat' dir='ltr'><strong> </strong></span> 
     </span>
    </p>
   </div>
   <div class='ocr_carea' id='block_1_6' title="bbox 617 3545 2802 3742">
    <p class='ocr_par' dir='ltr' id='par_1_6' title="bbox 617 3545 2802 3742">
     <span class='ocr_line' id='line_1_35' title="bbox 759 3545 2802 3667; baseline -0.008 -15"><span class='ocrx_word' id='word_1_218' title='bbox 759 3596 828 3667; x_wconf 84' lang='grc'><strong>3)</strong></span> <span class='ocrx_word' id='word_1_219' title='bbox 869 3596 958 3653; x_wconf 77' lang='lat' dir='ltr'><strong>cf.</strong></span> <span class='ocrx_word' id='word_1_220' title='bbox 994 3545 1278 3663; x_wconf 71' lang='lat' dir='ltr'><strong>Diogenis</strong></span> <span class='ocrx_word' id='word_1_221' title='bbox 1315 3590 1525 3660; x_wconf 77' lang='lat' dir='ltr'><strong>Cynici</strong></span> <span class='ocrx_word' id='word_1_222' title='bbox 1561 3587 1775 3662; x_wconf 78' lang='lat' dir='ltr'><strong>dietum</strong></span> <span class='ocrx_word' id='word_1_223' title='bbox 1830 3557 1980 3658; x_wconf 80' lang='lat' dir='ltr'><strong>apud</strong></span> <span class='ocrx_word' id='word_1_224' title='bbox 2030 3583 2204 3652; x_wconf 66' lang='grc' dir='ltr'><strong>Πίος.</strong></span> <span class='ocrx_word' id='word_1_225' title='bbox 2238 3581 2430 3639; x_wconf 80' lang='lat' dir='ltr'><strong>Laert.</strong></span> <span class='ocrx_word' id='word_1_226' title='bbox 2464 3582 2588 3650; x_wconf 77' lang='lat' dir='ltr'><strong>VI,</strong></span> <span class='ocrx_word' id='word_1_227' title='bbox 2621 3584 2674 3650; x_wconf 79' lang='lat'><strong>2,</strong></span> <span class='ocrx_word' id='word_1_228' title='bbox 2709 3583 2802 3638; x_wconf 73' lang='lat'><strong>27.</strong></span> 
     </span>
     <span class='ocr_line' id='line_1_36' title="bbox 617 3652 2757 3742; baseline -0.02 -13"><span class='ocrx_word' id='word_1_229' title='bbox 617 3680 756 3729; x_wconf 76' lang='lat' dir='ltr'><strong>tom.</strong></span> <span class='ocrx_word' id='word_1_230' title='bbox 791 3672 850 3727; x_wconf 87' lang='grc' dir='ltr'>Π</span> <span class='ocrx_word' id='word_1_231' title='bbox 883 3690 938 3742; x_wconf 81' lang='lat' dir='ltr'><strong>p.</strong></span> <span class='ocrx_word' id='word_1_232' title='bbox 974 3670 1048 3723; x_wconf 81' lang='lat'><strong>20</strong></span> <span class='ocrx_word' id='word_1_233' title='bbox 1081 3663 1313 3720; x_wconf 81' lang='lat' dir='ltr'><strong>Huebn.</strong></span> <span class='ocrx_word' id='word_1_234' title='bbox 1630 3679 1642 3688; x_wconf 79' lang='lat'><strong>.</strong></span> <span class='ocrx_word' id='word_1_235' title='bbox 2105 3697 2108 3700; x_wconf 77' lang='grc'><em>,</em></span> <span class='ocrx_word' id='word_1_236' title='bbox 2369 3655 2376 3662; x_wconf 88' lang='grc'><em>“</em></span> <span class='ocrx_word' id='word_1_237' title='bbox 2754 3652 2757 3655; x_wconf 71' lang='grc'>’</span> 
     </span>
    </p>
   </div>
   <div class='ocr_carea' id='block_1_7' title="bbox 622 3749 2805 3910">
    <p class='ocr_par' dir='ltr' id='par_1_7' title="bbox 622 3749 2805 3910">
     <span class='ocr_line' id='line_1_37' title="bbox 765 3749 2805 3848; baseline -0.012 -15"><span class='ocrx_word' id='word_1_238' title='bbox 765 3776 834 3848; x_wconf 88' lang='grc'><strong>4)</strong></span> <span class='ocrx_word' id='word_1_239' title='bbox 871 3780 1123 3835; x_wconf 78' lang='lat' dir='ltr'><strong>Pausan.</strong></span> <span class='ocrx_word' id='word_1_240' title='bbox 1159 3771 1269 3834; x_wconf 82' lang='lat' dir='ltr'><strong>Iv,</strong></span> <span class='ocrx_word' id='word_1_241' title='bbox 1304 3749 1542 3823; x_wconf 65' lang='lat'>4-—242&#39;</span> <span class='ocrx_word' id='word_1_242' title='bbox 1600 3765 1806 3818; x_wconf 74' lang='lat' dir='ltr'><strong>Iustin-</strong></span> <span class='ocrx_word' id='word_1_243' title='bbox 1841 3749 1948 3832; x_wconf 79' lang='lat'><strong>111,</strong></span> <span class='ocrx_word' id='word_1_244' title='bbox 1984 3762 2042 3816; x_wconf 83' lang='lat'><strong>4.</strong></span> <span class='ocrx_word' id='word_1_245' title='bbox 2077 3762 2134 3816; x_wconf 82' lang='lat'><strong>5.</strong></span> <span class='ocrx_word' id='word_1_246' title='bbox 2203 3762 2412 3815; x_wconf 83' lang='lat' dir='ltr'><strong>Mauso</strong></span> <span class='ocrx_word' id='word_1_247' title='bbox 2447 3760 2494 3828; x_wconf 87' lang='lat'><strong>1,</strong></span> <span class='ocrx_word' id='word_1_248' title='bbox 2534 3760 2564 3815; x_wconf 87' lang='lat' dir='ltr'><strong>l</strong></span> <span class='ocrx_word' id='word_1_249' title='bbox 2602 3772 2658 3826; x_wconf 93' lang='grc' dir='ltr'><strong>Ρ.</strong></span> <span class='ocrx_word' id='word_1_250' title='bbox 2700 3760 2805 3816; x_wconf 73' lang='grc'><strong>195</strong></span> 
     </span>
     <span class='ocr_line' id='line_1_38' title="bbox 622 3839 1642 3910; baseline -0.024 0"><span class='ocrx_word' id='word_1_251' title='bbox 622 3852 832 3907; x_wconf 81' lang='lat'><strong>-278.</strong></span> <span class='ocrx_word' id='word_1_252' title='bbox 903 3846 1175 3903; x_wconf 73' lang='lat' dir='ltr'><strong>Mueller.</strong></span> <span class='ocrx_word' id='word_1_253' title='bbox 1213 3843 1244 3896; x_wconf 91' lang='lat' dir='ltr'>I</span> <span class='ocrx_word' id='word_1_254' title='bbox 1277 3852 1335 3906; x_wconf 92' lang='grc' dir='ltr'><strong>Ρ.</strong></span> <span class='ocrx_word' id='word_1_255' title='bbox 1378 3839 1483 3893; x_wconf 87' lang='grc'><strong>140</strong></span> <span class='ocrx_word' id='word_1_256' title='bbox 1515 3856 1642 3910; x_wconf 79' lang='lat' dir='ltr'><strong>sqq.</strong></span> 
     </span>
    </p>
   </div>
   <div class='ocr_carea' id='block_1_8' title="bbox 623 3938 2804 4097">
    <p class='ocr_par' dir='ltr' id='par_1_8' title="bbox 623 3938 2804 4097">
     <span class='ocr_line' id='line_1_39' title="bbox 769 3938 2804 4024; baseline -0.01 -13"><span class='ocrx_word' id='word_1_257' title='bbox 769 3955 828 4024; x_wconf 82' lang='lat'><strong>5)</strong></span> <span class='ocrx_word' id='word_1_258' title='bbox 850 3953 1081 4012; x_wconf 75' lang='lat' dir='ltr'><strong>Herod·</strong></span> <span class='ocrx_word' id='word_1_259' title='bbox 1113 3955 1161 4019; x_wconf 89' lang='lat'><strong>1,</strong></span> <span class='ocrx_word' id='word_1_260' title='bbox 1195 3949 1284 4005; x_wconf 76' lang='lat'><strong>82.</strong></span> <span class='ocrx_word' id='word_1_261' title='bbox 1339 3947 1454 4012; x_wconf 78' lang='lat' dir='ltr'><strong>VI,</strong></span> <span class='ocrx_word' id='word_1_262' title='bbox 1491 3944 1564 4001; x_wconf 79' lang='lat'><strong>78</strong></span> <span class='ocrx_word' id='word_1_263' title='bbox 1598 3961 1686 4015; x_wconf 78' lang='lat' dir='ltr'><strong>sq·</strong></span> <span class='ocrx_word' id='word_1_264' title='bbox 1732 3942 1870 4008; x_wconf 82' lang='lat' dir='ltr'><strong>vn,</strong></span> <span class='ocrx_word' id='word_1_265' title='bbox 1908 3940 2033 4002; x_wconf 73' lang='lat'><strong>148.</strong></span> <span class='ocrx_word' id='word_1_266' title='bbox 2087 3942 2338 3997; x_wconf 78' lang='lat' dir='ltr'><strong>Pausan·</strong></span> <span class='ocrx_word' id='word_1_267' title='bbox 2373 3939 2452 4007; x_wconf 86' lang='lat'><strong>11,</strong></span> <span class='ocrx_word' id='word_1_268' title='bbox 2487 3939 2576 3993; x_wconf 83' lang='grc'><strong>20.</strong></span> <span class='ocrx_word' id='word_1_269' title='bbox 2614 3938 2804 3994; x_wconf 83' lang='lat' dir='ltr'><strong>Muel-</strong></span> 
     </span>
     <span class='ocr_line' id='line_1_40' title="bbox 623 4027 1606 4097; baseline -0.015 -12"><span class='ocrx_word' id='word_1_270' title='bbox 623 4030 729 4085; x_wconf 86' lang='lat' dir='ltr'><strong>ler.</strong></span> <span class='ocrx_word' id='word_1_271' title='bbox 763 4030 794 4083; x_wconf 90' lang='lat'>1</span> <span class='ocrx_word' id='word_1_272' title='bbox 829 4041 888 4095; x_wconf 91' lang='grc' dir='ltr'><strong>Ρ.</strong></span> <span class='ocrx_word' id='word_1_273' title='bbox 932 4027 1036 4081; x_wconf 80' lang='grc'><strong>154</strong></span> <span class='ocrx_word' id='word_1_274' title='bbox 1068 4044 1196 4097; x_wconf 78' lang='lat' dir='ltr'><strong>sqq.</strong></span> <span class='ocrx_word' id='word_1_275' title='bbox 1238 4052 1241 4056; x_wconf 93' lang='lat'>·</span> <span class='ocrx_word' id='word_1_276' title='bbox 1601 4065 1606 4070; x_wconf 79' lang='grc'>,</span> 
     </span>
    </p>
   </div>
   <div class='ocr_carea' id='block_1_9' title="bbox 642 4109 1856 4311">
    <p class='ocr_par' dir='ltr' id='par_1_9' title="bbox 642 4109 1856 4311">
     <span class='ocr_line' id='line_1_41' title="bbox 642 4109 1856 4205; baseline -0.014 -12"><span class='ocrx_word' id='word_1_277' title='bbox 642 4131 647 4134; x_wconf 70' lang='grc'><em>”</em></span> <span class='ocrx_word' id='word_1_278' title='bbox 770 4135 832 4205; x_wconf 83' lang='lat' dir='ltr'><strong>e)</strong></span> <span class='ocrx_word' id='word_1_279' title='bbox 869 4131 1139 4188; x_wconf 62' lang='lat' dir='ltr'><strong>Mueller.</strong></span> <span class='ocrx_word' id='word_1_280' title='bbox 1177 4131 1236 4183; x_wconf 88' lang='lat'><strong>11</strong></span> <span class='ocrx_word' id='word_1_281' title='bbox 1268 4139 1326 4193; x_wconf 81' lang='lat' dir='ltr'><strong>p.</strong></span> <span class='ocrx_word' id='word_1_282' title='bbox 1365 4125 1475 4181; x_wconf 74' lang='lat'><strong>152</strong></span> <span class='ocrx_word' id='word_1_283' title='bbox 1510 4125 1653 4195; x_wconf 56' lang='grc' dir='ltr'><strong>σφ’</strong></span> <span class='ocrx_word' id='word_1_284' title='bbox 1693 4109 1700 4116; x_wconf 82' lang='grc'><em>“</em></span> <span class='ocrx_word' id='word_1_285' title='bbox 1759 4119 1792 4200; x_wconf 67' lang='lat' dir='ltr'>j</span> <span class='ocrx_word' id='word_1_286' title='bbox 1851 4117 1856 4122; x_wconf 82' lang='grc'><strong><em>’</em></strong></span> 
     </span>
     <span class='ocr_line' id='line_1_42' title="bbox 768 4232 1511 4311; baseline -0.017 -13"><span class='ocrx_word' id='word_1_287' title='bbox 768 4241 827 4311; x_wconf 82' lang='lat'><strong>7)</strong></span> <span class='ocrx_word' id='word_1_288' title='bbox 864 4238 1004 4294; x_wconf 71' lang='lat' dir='ltr'><strong>via.</strong></span> <span class='ocrx_word' id='word_1_289' title='bbox 1039 4235 1176 4292; x_wconf 66' lang='lat' dir='ltr'><strong>intr.</strong></span> <span class='ocrx_word' id='word_1_290' title='bbox 1210 4235 1278 4289; x_wconf 81' lang='lat' dir='ltr'><strong>r.</strong></span> <span class='ocrx_word' id='word_1_291' title='bbox 1317 4234 1425 4303; x_wconf 76' lang='lat' dir='ltr'><strong>vl,</strong></span> <span class='ocrx_word' id='word_1_292' title='bbox 1459 4232 1511 4286; x_wconf 85' lang='lat'><strong>7.</strong></span> 
     </span>
    </p>
   </div>
   <div class='ocr_carea' id='block_1_10' title="bbox 626 4307 2806 4486">
    <p class='ocr_par' dir='ltr' id='par_1_10' title="bbox 626 4307 2806 4486">
     <span class='ocr_line' id='line_1_43' title="bbox 773 4307 2806 4418; baseline -0.01 -16"><span class='ocrx_word' id='word_1_293' title='bbox 773 4343 839 4418; x_wconf 79' lang='lat' dir='ltr'><strong>s)</strong></span> <span class='ocrx_word' id='word_1_294' title='bbox 876 4344 1158 4400; x_wconf 56' lang='lat' dir='ltr'><strong>neruda.</strong></span> <span class='ocrx_word' id='word_1_295' title='bbox 1191 4342 1272 4409; x_wconf 86' lang='lat' dir='ltr'><strong>v,</strong></span> <span class='ocrx_word' id='word_1_296' title='bbox 1307 4341 1397 4396; x_wconf 81' lang='lat'><strong>92.</strong></span> <span class='ocrx_word' id='word_1_297' title='bbox 1436 4335 1701 4408; x_wconf 64' lang='lat' dir='ltr'><strong>Thuoya,</strong></span> <span class='ocrx_word' id='word_1_298' title='bbox 1737 4337 1789 4401; x_wconf 88' lang='lat'><strong>1,</strong></span> <span class='ocrx_word' id='word_1_299' title='bbox 1828 4334 1913 4389; x_wconf 84' lang='lat'><strong>18.</strong></span> <span class='ocrx_word' id='word_1_300' title='bbox 1948 4333 2035 4390; x_wconf 77' lang='grc' dir='ltr'><strong>ιο.</strong></span> <span class='ocrx_word' id='word_1_301' title='bbox 2073 4334 2162 4390; x_wconf 82' lang='lat'><strong>76.</strong></span> <span class='ocrx_word' id='word_1_302' title='bbox 2215 4334 2396 4389; x_wconf 72' lang='lat' dir='ltr'><strong>Arist.</strong></span> <span class='ocrx_word' id='word_1_303' title='bbox 2429 4307 2605 4387; x_wconf 71' lang='lat' dir='ltr'><strong>rom.</strong></span> <span class='ocrx_word' id='word_1_304' title='bbox 2636 4331 2717 4398; x_wconf 65' lang='lat' dir='ltr'><strong>v,</strong></span> <span class='ocrx_word' id='word_1_305' title='bbox 2752 4328 2806 4398; x_wconf 81' lang='lat' dir='ltr'><strong>s,</strong></span> 
     </span>
     <span class='ocr_line' id='line_1_44' title="bbox 626 4401 2806 4486; baseline -0.008 -10"><span class='ocrx_word' id='word_1_306' title='bbox 626 4421 714 4479; x_wconf 84' lang='lat'><strong>18.</strong></span> <span class='ocrx_word' id='word_1_307' title='bbox 749 4421 959 4475; x_wconf 81' lang='lat' dir='ltr'><strong>Mauso</strong></span> <span class='ocrx_word' id='word_1_308' title='bbox 986 4419 1035 4486; x_wconf 90' lang='lat'><strong>1,</strong></span> <span class='ocrx_word' id='word_1_309' title='bbox 1071 4418 1109 4471; x_wconf 81' lang='lat'><strong>2</strong></span> <span class='ocrx_word' id='word_1_310' title='bbox 1142 4428 1199 4482; x_wconf 93' lang='grc' dir='ltr'><strong>Ρ.</strong></span> <span class='ocrx_word' id='word_1_311' title='bbox 1233 4415 1359 4471; x_wconf 81' lang='grc'><strong>300.</strong></span> <span class='ocrx_word' id='word_1_312' title='bbox 1393 4407 1667 4465; x_wconf 83' lang='lat' dir='ltr'><strong>Mueller.</strong></span> <span class='ocrx_word' id='word_1_313' title='bbox 1703 4410 1733 4463; x_wconf 92' lang='lat'>1</span> <span class='ocrx_word' id='word_1_314' title='bbox 1771 4420 1829 4474; x_wconf 93' lang='grc' dir='ltr'><strong>Ρ.</strong></span> <span class='ocrx_word' id='word_1_315' title='bbox 1867 4407 1992 4464; x_wconf 82' lang='lat'><strong>160.</strong></span> <span class='ocrx_word' id='word_1_316' title='bbox 2027 4403 2510 4473; x_wconf 71' lang='lat' dir='ltr'><strong>waohsmuthJ,</strong></span> <span class='ocrx_word' id='word_1_317' title='bbox 2549 4401 2806 4468; x_wconf 77' lang='lat' dir='ltr'><strong>1·p.288-</strong></span> 
     </span>
    </p>
   </div>
  </div>
 </body>
</html>
