3067 4975
573 344 673 419 12
1402 340 1916 417 Prooemium.

567 552 768 601 nunc
816 526 930 598 sin
992 519 1250 598 ’llatim
1314 519 1567 596 dicere
1628 521 1815 597 nihil
1879 517 2186 616 attinet,
2236 526 2412 624 quia
2463 550 2752 621 omnes,

571 627 698 726 qui
770 622 946 696 ante
1003 648 1093 694 ac
1169 622 1248 694 in
1308 623 1536 693 inscri
1593 618 1923 695 tionibus
1987 619 2313 697 studium
2381 648 2593 697 suum
2676 633 2753 699 et

526 887 529 896 .
571 717 1338 893 xflzzffivffflffl
1325 717 1493 905 5123,
1543 741 1926 912 3353..ss
1981 720 2752 912 {zt‘ssfifif‘inflzzffit

569 919 699 1016 qui
750 910 1103 1013 quidquid
1155 909 1428 1011 ubique
1480 910 1943 985 Graecarum
2004 915 2572 1012 inscriptionum
2637 942 2752 989 re-

565 1014 867 1112 pertum
920 1012 1037 1082 est
1086 1007 1479 1108 colligere,
1531 1007 1799 1083 ordine
1850 1008 2453 1084 commodissimo
2504 1010 2755 1111 dispo-

564 1135 780 1200 nere,
830 1107 1191 1206 corrupta
1241 1102 1672 1199 emendare,
1736 1102 2065 1181 obscura
2112 1106 2493 1183 illustrare
2539 1113 2752 1183 insti-

566 1209 710 1281 tuit
735 1206 828 1298 4),
917 1209 1352 1304 tantumque
1425 1199 1851 1292 incredibili
1926 1200 2233 1298 labore,
2337 1205 2753 1306 diligentia,

570 1302 942 1394 doctrina,
994 1302 1418 1401 sagacitate
1469 1293 1744 1394 effecit,
1791 1304 2146 1401 quantum
2195 1308 2495 1403 priores
2525 1302 2631 1378 illi
2658 1331 2756 1379 ne

566 1426 710 1571 {pe
762 1399 1060 1519 quidem
1112 1409 1188 1474 et
1236 1401 1698 1518 cogitatione
1750 1402 2150 1497 concipere
2201 1404 2366 1474 ausi
2414 1404 2610 1521 sunt.
2661 1444 2755 1521 —·-

565 1501 2756 1692 veiffssssffiip2?011¹1¹131¹1¹3¹¹25033331”Zassssssumflassssslff2⁹33

564 1692 962 1768 historiam
1009 1689 1466 1790 populorum
1517 1691 1596 1764 et
1643 1691 1985 1764 instituta
2031 1622 2512 1766 illustranda:
2578 1699 2758 1793 quin

572 1788 884 1865 fuerunt
933 1791 1060 1889 qui
1113 1791 1331 1861 etiam
1383 1790 1745 1860 maiorem
1796 1785 1911 1860 his
1962 1813 2180 1890 quam
2247 1793 2471 1863 inseri
2529 1793 2754 1865 tioni-

563 1881 719 1979 bus
777 1884 928 1960 illis
988 1883 1387 1958 utilitatem
1439 1882 1822 1957 vindicare
1874 1888 2359 1961 conarentur.
2456 1818 2756 1962 ficetis-

566 1989 753 2060 sime
804 1984 1053 2056 autem
1102 1978 1529 2055 Boeckhius
1558 1979 1625 2077 ⁵)
1677 1984 1867 2100 „qui
1896 1985 2495 2081 imperatorum“
2520 1987 2759 2084 inquit

564 2080 977 2181 „tempora
1026 2079 1104 2152 et
1151 2081 1574 2177 principum
1628 2103 1897 2152 senem
1947 2084 2092 2154 tlte
2128 2079 2525 2178 deducere,
2573 2087 2757 2157 ima-

563 2184 787 2280 gines
864 2179 943 2253 et
1011 2173 1393 2248 hominum
1466 2178 1545 2248 et
1591 2172 1930 2249 ,deorum
1997 2204 2465 2276 cognoscere
2533 2188 2759 2281 atque

570 2305 675 2354 ex
740 2274 858 2349 his
924 2270 1020 2348 de
1080 2275 1313 2345 variis
1377 2274 1749 2346 variarum
1819 2274 2200 2348 civitatum
2263 2275 2757 2375 religionibus

568 2376 1084 2450 coniecturam
1146 2369 1402 2443 facere
1470 2367 1691 2463 velit,
1755 2371 1831 2443 in
1893 2376 2248 2446 nummis:
2316 2379 2446 2475 qui
2503 2400 2755 2449 mores

572 2475 653 2550 et
698 2470 1068 2571 [instituta
1146 2464 1642 2566 populorum,
1715 2493 1967 2542 rerum
2043 2468 2517 2571 publicarum
2600 2473 2757 2549 for-

565 2598 730 2648 mas
796 2570 873 2642 et
937 2564 1705 2659 administrationem,
1785 2563 1955 2639 deni
2010 2593 2105 2641 ue
2187 2567 2439 2643 civiles
2507 2576 2758 2670 priva-

563 2676 839 2769 tasque
888 2666 1224 2738 veterum
1276 2687 1403 2734 res
1453 2664 1845 2737 universas
1893 2668 1966 2737 in
2026 2672 2263 2762 agate
2314 2668 2391 2740 et
2454 2666 2758 2766 linguae

571 2795 667 2844 ac
746 2764 1120 2838 sermonis
1198 2759 1713 2858 proprietates
1804 2764 2268 2862 investigare
2354 2769 2763 2840 constitue·

567 2867 713 2960 rit,
772 2862 873 3058 ³¹2)
911 2854 1536 3003 ipscriptionibus
1598 2858 1839 2932 maius
1887 2865 2006 2934 est
2048 2859 2506 2959 praesidium
2558 2859 2765 2937 habi-

566 2963 785 3041 turus
880 2964 928 3032 .‘

712 3166 780 3240 4)
818 3171 1037 3240 corpus
1071 3163 1511 3235 inscriptionum
1551 3161 1933 3231 Graecarum,
1989 3166 2332 3221 auctoritate
2380 3171 2440 3221 et
2483 3131 2763 3240 ‘impensis

570 3242 920 3301 Academiae
954 3239 1275 3291 litterarum
1311 3234 1659 3286 Borussicae
1697 3232 1771 3286 ed
1802 3236 1877 3289 A.
1914 3234 2265 3292 Boeckhius.
2299 3239 2442 3294 Vol.
2483 3243 2534 3295 1.
2568 3241 2765 3295 Berol.

573 3316 738 3374 1828.
773 3311 916 3366 vol.
949 3311 1026 3363 11.
1064 3307 1207 3364 fasc.
1248 3311 1299 3360 l.
1336 3305 1415 3359 ih.
1456 3305 1617 3359 1835.
1650 3303 1760 3359 fol.

713 3419 776 3490 5)
810 3416 1006 3474 Praef.
1046 3416 1222 3488 Oorp.
1258 3416 1432 3468 inser.
1469 3433 1527 3486 p.
1565 3409 1662 3467 xl.

719 3526 786 3598 6)
833 3527 885 3580 Ε
941 3520 1319 3593 scriptoribus
1371 3522 1457 3577 rei
1519 3521 1876 3573 nummariae
1930 3524 2236 3594 praecipue
2282 3527 2763 3582 commemorandi

573 3608 712 3660 sunt
744 3602 848 3655 ΕΖ.
877 3593 1257 3668 Spanhemius
1305 3591 1378 3645 de
1424 3610 1533 3644 usu
1582 3599 1639 3643 et
1676 3595 2025 3663 praestantia
2059 3599 2457 3652 numismatum
2497 3602 2761 3671 antiquo-

576 3693 717 3733 rum.
780 3670 896 3726 Ed.
932 3671 982 3722 2.
1038 3665 1228 3719 Luna.
1281 3671 1338 3718 et
1385 3666 1568 3735 Amst.
1612 3664 1765 3717 1706.
1815 3665 1875 3715 11
1918 3664 2045 3717 Fol.
2119 3669 2369 3734 Pelen-in,
2406 3672 2649 3724 Recueil
2688 3671 2761 3724 de

574 3743 874 3805 medailles
911 3747 1017 3794 etc.
1054 3738 1236 3790 Paria.
1290 3735 1443 3790 1763.
1489 3735 1657 3787 VIII.
1703 3736 1757 3788 4.
1842 3735 1970 3788 Jos.
2021 3737 2264 3806 Ecldlel,
2311 3744 2490 3796 Numi
2535 3752 2763 3796 veteres

579 3841 653 3875 ex
686 3817 901 3872 muscis
954 3813 1121 3865 Caes.
1156 3807 1335 3860 vind.
1375 3806 1632 3860 Florent.
1671 3813 1775 3860 etc.
1812 3804 2102 3862 illustrati·
2142 3813 2358 3867 vienn.
2404 3815 2555 3868 1775.
2598 3815 2668 3872 Π,
2712 3815 2764 3868 4.

573 3890 777 3947 Eiusd.
816 3883 1076 3952 catalog.
1113 3882 1299 3932 musei
1335 3879 1505 3932 Caes.
1544 3875 1802 3931 vindob.
1849 3879 1928 3932 ib.
1983 3882 2133 3935 1779.
2183 3885 2308 3938 Fol.
2392 3884 2590 3939 Eiusd.
2646 3888 2762 3937 Do-

580 3967 767 4019 ctrina
809 3970 1171 4011 nummorum
1225 3957 1507 4007 veterum.
1581 3950 1838 4002 Vindoh.
1886 3953 2024 4006 1792
2071 3972 2146 4008 ss.
2196 3959 2297 4009 lx,
2346 3958 2395 4011 8.
2492 3960 2761 4010 Mionnet

580 4031 949 4103 Description
985 4026 1058 4078 dc
1092 4021 1392 4077 medailles
1430 4023 1694 4093 antiques
1732 4023 2026 4094 Grecques
2062 4035 2122 4077 et
2158 4030 2492 4082 Romaiues.
2578 4031 2758 4081 Paris.

580 4107 737 4164 1887.
771 4105 848 4159 11.
918 4098 1098 4153 Plura
1135 4094 1252 4149 vid.
1295 4112 1384 4166 ap.
1423 4095 1669 4147 Meusel·
1712 4093 1993 4148 Biblioth.
2019 4095 2227 4153 ⁴himma
2266 4101 2386 4153 vol.
2425 4101 2530 4164 111,
2570 4121 2624 4172 p.
2655 4101 2764 4153 346

583 4189 643 4234 et
676 4181 737 4231 in
762 4177 825 4230 J.
857 4173 929 4226 G.
958 4169 1140 4240 Lipsii
1170 4163 1532 4220 Bibliotheca
1563 4168 1883 4221 nummaria
1912 4185 2095 4238 usque
2125 4173 2197 4225 ad
2230 4174 2329 4226 fin.
2362 4190 2513 4227 saec.
2538 4173 2760 4226 XVIII.

579 4252 812 4325 Lipsiae
833 4242 990 4301 18⁰1·
1027 4241 1102 4310 11,
1133 4238 1188 4296 8.
