3067 4975
740 408 810 484 7.
871 411 992 484 Dc
1040 409 1475 483 oeconomia
1522 433 1645 483 reo
1680 410 2061 510 publicae.
2367 407 2516 482 309
2563 389 2574 402 ⁸

343 588 769 691 perhibent,
838 616 885 663 a
930 590 1340 665 Pisistrato
1369 591 1434 683 2)
1483 592 1901 668 institutum
1950 590 2125 686 fuit,
2197 591 2283 664 ut
2328 617 2515 690 pau·-

339 691 694 807 pen-iores
773 690 1012 780 cives,
1097 691 1227 791 qui
1288 688 1720 763 vulneribus
1780 694 1856 763 in
1918 688 2121 764 bello
2186 691 2517 787 acceptis

340 782 649 859 luvalidi
698 783 878 858 facti
931 793 1206 875 essent,
1258 790 1522 886 stipem
1577 785 1670 859 de
1720 786 2026 885 publico
2056 788 2514 884 acciperent.

337 881 512 956 Hoc
558 889 828 981 postea
873 885 949 955 in
1002 909 1138 956 eos
1188 909 1444 957 omnes
1489 888 1961 974 translatum,
2025 888 2149 983 qui
2196 889 2517 981 propter
2599 961 2604 967 ,

336 982 693 1078 corporis
750 978 1251 1054 infirmitatem
1317 980 1408 1054 ad
1465 984 1852 1080 quaestum
1905 980 2324 1055 faciendum
2372 983 2510 1053 mi-

335 1101 481 1149 nus
530 1076 810 1167 idonei,
862 1102 1239 1177 censuque
1288 1076 1484 1151 infra
1532 1083 1694 1152 tres
1741 1081 1981 1151 minas
2032 1083 2305 1152 essent.
2368 1078 2510 1152 His

338 1177 532 1247 enim
604 1172 864 1272 populi
937 1177 1148 1246 iussu
1211 1174 1485 1269 singuli
1539 1183 1689 1248 -aut
1769 1174 1919 1250 bini
1982 1171 2191 1252 oboli
2259 1173 2508 1247 diurni

336 1266 711 1344 dabantur
738 1272 828 1362 ³).
930 1271 1590 1369 Dispensationem
1642 1276 1951 1346 senatus
1979 1269 2506 1389 curabatquat]

333 1373 1463 1565 Eissefflssssssffiffffibssssffii'ss
1485 1395 1598 1560 ⁴¹3¹?
1614 1368 2508 1567 ’12q322q¹¹¹3¹t1?22²⁰3{'12¹212

337 1563 466 1661 qui
510 1561 762 1654 vellet,
815 1588 950 1636 eos
998 1565 1351 1665 tanquam
1401 1562 1761 1660 indiguos
1803 1563 1942 1640 illo
1962 1492 2337 1636 beneficio
2374 1566 2509 1636 aut

331 1684 486 1732 non
554 1662 868 1758 egentes
918 1685 1245 1758 arguere
1275 1662 1368 1758 ⁵).
1470 1660 1831 1736 Similiter
1881 1664 2100 1735 etiam
2152 1658 2360 1731 orbis
2410 1658 2502 1734 li-

331 1751 577 1849 beris,
645 1782 963 1856 quorum
1063 1763 1267 1852 atres
1314 1762 1389 1830 in
1445 1756 1641 1832 bello
1693 1754 2078 1850 obierant,
2151 1754 2503 1830 alimenta

330 1852 423 1929 de
475 1851 775 1955 publico
827 1880 1011 1954 prae
1071 1853 1392 1929 ebantur
1418 1882 1657 1955 usque
1685 1852 1779 1927 ad
1813 1854 2500 1951 duodevigesimum

328 1955 597 2026 aetatis
661 1953 1056 2045 annum'f’).
1170 1954 1519 2053 Denique
1581 1956 1659 2026 in
1719 1977 2064 2026 annonae
2126 1952 2499 2047 angustiis

325 2049 781 2124 frumentum
834 2045 1132 2147 publice
1184 2063 1606 2149 coemptum
1657 2048 1859 2149 plebi
1911 2050 2045 2123 aut
2088 2051 2334 2148 gratis
2366 2052 2502 2124 aut

324 2146 623 2223 modico
674 2149 920 2248 pretio
943 2149 946 2150 ᾗ
971 2144 1565 2222 distribuebatur
1591 2149 1681 2239 7).

1207 2323 1276 2412 ς.
1324 2316 1604 2394 mm.

525 2466 631 2543 Se
689 2466 967 2553 uuntur
1011 2469 1221 2541 varia
1270 2465 1696 2542 mercedum
1746 2472 1820 2541 et
1868 2463 2314 2540 salariorum
2364 2486 2497 2561 ge-

327 2590 539 2639 nera.
637 2495 968 2638 ff'rimum
1021 2591 1310 2640 merces
1361 2565 1813 2659 comitialis,'
1850 2567 1928 2633 τὸ
1972 2565 2492 2653 ἐκκλησιαστικόν,

329 2661 424 2738 de
488 2689 636 2765 qua
701 2688 930 2763 supra
981 2661 1256 2736 dictum
1308 2670 1422 2737 est
1452 2666 1548 2760 ¹),
1625 2667 1836 2737 cuius
1885 2686 2132 2734 annua
2182 2682 2493 2747 summa,

326 2763 723 2862 postquam
773 2758 1182 2834 triobolum
1236 2760 1398 2835 dari
1450 2765 1725 2860 coepit,
1775 2758 1993 2833 facile
2036 2756 2155 2830 vel
2185 2754 2497 2851 triginta
2538 2820 2548 2828 ,Α

328 2865 459 2930 aut
529 2861 836 2955 triginta
911 2863 1233 2958 quinque
1303 2859 1588 2934 talenta
1660 2857 2009 2932 effecisse
2088 2851 2383 2926 videtur
2408 2852 2496 2941 2);

332 2957 578 3028 Porro
657 2954 1087 3028 senatorum
1153 2982 1464 3048 merces,
1523 2959 1602 3026 τὸ
1642 2952 2075 3042 βάυλεπικόν,
2136 2948 2490 3022 drachma

325 3050 594 3125 diurna
620 3053 710 3144 3),
765 3055 1095 3150 quamsi
1147 3050 1719 3153 quadringentis
1772 3052 2071 3143 circiter
2121 3047 2491 3121 senatori-

322 3148 470 3223 bus
535 3146 802 3224 diebus
850 3152 1148 3222 circiter
1196 3155 1551 3225 trecentis
1576 3147 1649 3246 ⁴)
1700 3151 2159 3222 numeratam
2209 3143 2493 3218 statua·

463 3318 529 3392 2)
567 3319 858 3375 Plutarch.
892 3318 1098 3375 Solon.
1136 3340 1186 3374 c.
1223 3322 1312 3375 31.

463 3427 529 3500 3)
566 3419 902 3501 Harpocrat.
952 3428 1119 3483 Suid.
1157 3428 1406 3499 Hesycb.
1454 3448 1503 3483 s.
1538 3448 1612 3484 ἵν’.-
1642 3426 1895 3483 ἆδῦνατυι.
1972 3427 2114 3483 Lex.
2154 3425 2393 3494 Seguer.
2427 3432 2486 3486 P.

325 3503 451 3558 245.
527 3501 614 3556 Of.
651 3501 906 3557 Boeckh.
944 3502 975 3554 l
1012 3521 1067 3572 p.
1103 3501 1208 3554 261
1247 3519 1371 3573 sqq.

470 3607 530 3676 4)
564 3606 838 3662 Aeschin.
873 3611 936 3662 in
974 3606 1262 3663 Timar-ch.
1298 3621 1354 3673 P.
1394 3609 1500 3664 123
1535 3629 1622 3683 sq.

468 3714 536 3787 5)
574 3716 779 3787 Lysias
813 3734 899 3786 pr.
936 3715 1193 3768 invalido
1230 3728 1286 3781 p.
1326 3716 1431 3771 739
1467 3737 1587 3789 sqq.
1625 3719 1698 3773 cf.
1734 3717 1807 3772 de
1844 3718 2060 3772 comitt·
2099 3728 2156 3781 p.
2196 3716 2321 3771 197.

464 3822 530 3892 6)
573 3823 840 3895 Thucyd.
872 3824 947 3885 11,
984 3824 1055 3878 46
1090 3823 1231 3894 ihiq.
1267 3825 1392 3878 intt.
1426 3828 1672 3880 Aristot.
1706 3824 1881 3881 Polit.
1917 3826 1995 3895 11,
2029 3825 2085 3893 5,
2120 3820 2173 3877 4.

469 3930 529 3998 7)
568 3929 823 3984 Boeckh.
861 3932 890 3983 Ι
926 3943 983 3996 p·
1015 3931 1089 3985 96
1118 3949 1202 4004 sq.

466 4036 524 4102 l)
563 4037 703 4091 Vid.
738 4036 790 4102 ἓ.
831 4037 997 4108 11‚p.
1038 4038 1158 4092 180.

468 4143 528 4208 2)
556 4140 824 4195 Boeckh,
858 4144 890 4194 1
927 4155 979 4208 p.
1014 4144 1137 4198 249.

467 4229 534 4300 3)
575 4227 715 4284 Via.
753 4249 802 4285 c.
834 4232 872 4286 3
908 4231 962 4300 §.
998 4233 1086 4300 27,
1124 4232 1179 4286 8.

468 4321 527 4382 4)
561 4321 718 4373 Nam
753 4339 938 4391 neque
975 4340 1172 4374 omnes
1209 4325 1553 4394 quingentos
1579 4341 1804 4399 semper
1828 4323 2098 4388 adfuisse,
2133 4343 2321 4398 neque
2346 4341 2486 4399 quo-

326 4393 466 4449 tidie
501 4399 768 4449 senatum
803 4392 1059 4447 habitum
1096 4412 1222 4448 csse
1258 4392 1432 4468 supra
1465 4397 1715 4455 vidimus
1747 4417 1793 4452 c.
1827 4399 1867 4455 3
1901 4398 1957 4467 §.
1995 4398 2084 4467 29,
2120 4400 2175 4455 2.
2211 4401 2267 4453 3.
