3067 4975
659 386 803 462 IV.
861 395 922 461 1.
974 387 1094 460 De
1145 386 1724 484 Spartanorum
1769 413 1860 463 re
1894 389 2230 490 publica.
2379 395 2518 470 111

1302 566 1372 663 §.
1421 569 1553 642 lv.

558 700 1003 774 Universam
1083 696 1526 773 Helotarum
1609 695 2165 793 condicionem,
2232 705 2522 778 etiamsi

356 794 728 871 venalium
810 799 1170 869 servitute
1254 795 1635 896 aliquanto
1709 794 2093 869 meliorem
2125 801 2182 893 1)
2215 850 2239 891 ,
2333 803 2521 873 satis

354 896 607 966 tamen
678 892 939 966 duram
989 918 1076 964 ac
1122 891 1513 966 molestam
1566 889 1800 965 fuisse
1853 899 2193 991 apparet,
2295 899 2519 994 uippe

359 994 486 1091 qui
575 987 850 1087 glebae
923 989 1279 1088 adscripti
1351 991 1670 1089 agrique
1753 1015 1907 1061 nou
1976 993 2091 1062 sui
2162 1017 2251 1063 cu
2284 998 2519 1085 tores,

361 1088 605 1160 omnis
670 1084 984 1160 honoris
1025 1089 1138 1157 'ac
1203 1082 1595 1159 libertates
1661 1083 1897 1157 civilis
1961 1093 2314 1184 expertes
2376 1085 2519 1162 sub

362 1182 605 1256 alieno
676 1179 986 1255 arbitrio
1055 1185 1280 1255 vitam
1341 1182 1684 1282 agerent.
1786 1181 2305 1270 Quamobrem
2354 1184 2523 1258 fieri

358 1306 513 1352 nou
564 1283 889 1379 poterat,
941 1281 1120 1380 quin
1168 1278 1378 1365 multi
1431 1282 1664 1351 sortis
1706 1304 1884 1351 suae
1910 1281 2244 1377 pertaesi
2273 1306 2524 1380 quam-

361 1373 546 1450 libet
612 1374 1039 1448 vindicandi
1104 1380 1221 1448 sui
1288 1379 1758 1451 occasionem
1822 1374 2162 1449 studiose
2232 1382 2523 1476 arripe-

360 1479 533 1547 rent
558 1473 665 1568 2),
713 1498 853 1545 nec
903 1477 1163 1545 mirum
1218 1472 1650 1570 Spartanos
1703 1475 1902 1543 omni
1952 1470 2177 1544 modo
2227 1471 2369 1549 sibi
2398 1500 2525 1547 ca-

363 1567 681 1643 vendum
752 1571 1101 1666 putasse,
1175 1596 1268 1642 ne
1333 1566 1513 1670 quid
1559 1566 1681 1659 iilli
1741 1572 2051 1665 spiritus
2111 1594 2202 1641 ac
2262 1573 2526 1644 virium

365 1667 746 1766 caperent,
798 1691 983 1739 neve
1017 1662 1426 1763 periculum
1460 1662 1780 1737 dominis
1809 1671 2155 1740 crearent
2180 1667 2271 1757 3).
2359 1669 2527 1741 Huc

366 1761 812 1863 spectabant
862 1788 1104 1861 quum·
1151 1760 1301 1834 alia
1361 1759 1594 1834 multa
1621 1760 1687 1852 ⁴)
1739 1768 1892 1833 tum
1940 1765 2303 1860 imprimis
2353 1789 2524 1859 cry-

415 1862 564 1931 tiae
611 1860 1062 1931 institutum:
1118 1857 1470 1932 dimissae
1524 1860 1750 1930 certis
1811 1856 2280 1958 temporibus
2338 1858 2550 1932 ado--

393 1963 771 2029 escentum
803 1956 1354 2055 Spartanorum
1407 1957 1758 2027 catervae
1808 1957 1933 2054 qui
1984 1980 2244 2029 omnes
2294 1955 2523 2030 Helo-

362 2057 606 2126 tarum
659 2056 1014 2149 regiones
1064 2078 1284 2153 quam
1333 2051 1692 2149 poteraut
1744 2049 2243 2126 occultissime
2294 2059 2371 2126 et
2415 2057 2525 2125 iu-

363 2148 612 2223 terdiu
665 2154 742 2220 et
788 2158 1015 2220 noctu
1070 2151 1502 2239 circuirent,
1552 2148 1741 2244 ipsis
1789 2146 2132 2222 studiose
2177 2148 2525 2248 invigila-

366 2252 539 2319 rent
589 2251 665 2318 et
726 2249 1064 2345 quisquis
1127 2243 1320 2317 delin
1379 2268 1557 2316 uere
1608 2241 1887 2343 aliquid
1938 2247 2069 2317 aut
2119 2245 2367 2319 moliri
2413 2249 2523 2318 vi-

367 2341 670 2415 deretur
719 2344 986 2414 contra
1035 2344 1148 2415 rei
1195 2271 1545 2438 publicae
1596 2339 2103 2435 commodum,
2155 2341 2350 2416 hunc
2400 2369 2566 2423 ce-¹

368 2439 627 2514 leritcr
688 2444 1131 2514 coercerent
1198 2439 1328 2510 aut
1381 2463 1421 2510 e
1474 2432 1719 2509 medio
1772 2435 2126 2511 tollerent
2154 2440 2250 2534 ⁵).
2350 2440 2527 2514 Nou

366 2545 612 2610 tamen
703 2539 945 2608 omnis
1042 2533 1137 2608 ad
1229 2532 1655 2606 libertatem
1729 2536 1851 2607 via
1926 2534 2220 2610 Helotis
2293 2539 2528 2610 inter-

367 2631 581 2706 clusa
670 2633 856 2705 erat.
982 2634 1175 2705 Nam
1249 2633 1569 2729 primum
1643 2632 1771 2731 qui
1837 2628 2134 2705 fidelem
2207 2636 2283 2706 in
2364 2632 2566 2708 bel-2

365 2728 463 2803 lis
499 2754 806 2827 operam
854 2732 1412 2826 praestitissent
1461 2753 2002 2825 saepenumero
2054 2732 2526 2804 manumitte-

362 2823 645 2900 bantur
671 2829 782 2920 ⁶):
860 2824 1130 2900 deinde
1193 2849 1347 2897 non
1397 2849 1578 2897 raro
1631 2849 1733 2897 ex
1778 2823 2222 2899 Helotarum
2273 2830 2531 2925 pueris

511 3027 576 3098 l>
613 3032 767 3085 Hinc
817 3033 988 3084 etiam
1034 3026 1225 3103 μεταξῦ
1266 3030 1543 3104 ἐλευθέρων
1590 3024 1913 3086 &widmann
1955 3029 2140 3084 fuisse
2185 3029 2454 3084 «licuntur
2498 3048 2535 3084 a

362 3102 607 3160 Polluce
644 3104 751 3171 111,
788 3102 874 3157 83.

503 3188 568 3261 2)
608 3193 848 3245 Aristot.
886 3190 1058 3245 Polit.
1093 3192 1181 3258 11,·
1205 3190 1259 3260 6,
1295 3191 1348 3244 2.

503 3278 572 3348 3)
614 3279 881 3350 Thucyd.
916 3281 1028 3346 IV,
1063 3279 1152 3333 so.

504 3368 564 3433 4)
605 3368 776 3421 Conf.
819 3370 1033 3438 Myron
1084 3385 1172 3439 ap.
1220 3364 1507 3421 Athenae.
1545 3367 1727 3436 XIV,
1774 3365 1847 3422 84
1881 3389 1937 3441 Ρ.
1978 3369 2103 3426 657.
2175 3373 2534 3444 Quamquam

363 3440 649 3494 nonnulla
702 3458 898 3492 eorum
945 3457 1094 3511 quae
1140 3439 1211 3490 ab
1262 3436 1371 3489 hoc
1407 3439 1693 3492 invidiose
1741 3440 2117 3509 proferuntur
2151 3447 2291 3497 satis
2329 3443 2535 3496 confu-

365 3515 513 3566 tavit
547 3511 762 3564 Miiller
798 3531 852 3582 Ρ.
891 3511 980 3577 40,
1019 3512 1117 3581 qui
1154 3512 1323 3562 etiam
1360 3516 1562 3563 contra
1590 3505 1880 3564 Plutarchi
1905 3513 2260 3580 relationem,
2282 3516 2529 3585 Lycurg.

367 3602 418 3637 c.
468 3582 556 3650 28,
606 3581 988 3636 conferendus
1035 3588 1121 3632 est
1166 3601 1220 3651 p.
1265 3580 1352 3633 41.
1426 3581 1586 3645 Quid
1634 3582 1706 3633 de
1749 3583 2001 3653 Myrone
2048 3586 2412 3641 iudicandum
2461 3588 2538 3637 sit

367 3657 686 3708 Pausanias
724 3652 973 3706 ostendit
1009 3653 1117 3718 lv,
1154 3653 1206 3719 6,
1243 3653 1296 3704 2.

508 3757 572 3830 5)
608 3763 698 3814 Ita
731 3777 795 3811 se
829 3777 949 3811 rem
987 3756 1258 3809 habuisse
1297 3757 1494 3827 colligi
1533 3763 1723 3828 potest
1760 3764 2096 3831 comparatis
2136 3763 2284 3813 inter
2318 3779 2380 3812 se
2402 3758 2538 3811 Plu-

369 3830 531 3887 tarch
591 3832 840 3902 Lycurg.
879 3848 930 3882 c.
980 3830 1067 3883 28.
1108 3834 1165 3880 et
1198 3828 1347 3882 Plat.
1387 3830 1563 3898 Legg.
1604 3829 1628 3882 l
1668 3850 1723 3901 Ρ.
1762 3830 1869 3885 633
1909 3851 1955 3885 ο.
1995 3852 2049 3903 Ρ.
2090 3832 2196 3886 763
2232 3833 2299 3886 Β.
2339 3829 2539 3884 Schol.

370 3903 445 3957 ad
481 3902 629 3956 Plat.
670 3902 841 3970 [segg.
880 3909 1018 3953 tom.
1059 3900 1162 3951 VI.
1200 3920 1254 3970 Ρ.
1296 3902 1403 3955 515
1443 3899 1701 3952 Tauchn.
1776 3901 2085 3955 Cohortem
2121 3905 2538 3974 Spartanorum

525 3976 617 4027 ίαν
664 3992 719 4025 v.
770 3975 1042 4045 aeovnuloev
1086 3970 1291 4024 dictam
1328 3976 1496 4024 etiam
1535 3975 1596 4023 iu
1637 3976 1890 4025 exercitu
1924 3973 2198 4026 militasse
2237 3981 2470 4045 apparet
2507 3993 2539 4026 e

365 4047 415 4098 P
443 4044 660 4099 utareh.
696 4045 914 4096 Cleom.
952 4062 999 4095 c.
1038 4042 1122 4094 28.
1194 4045 1262 4094 In
1302 4047 1551 4095 univers.
1591 4043 1663 4097 cf.
1703 4043 1935 4097 Miiller.
1977 4066 2026 4115 p.
2062 4046 2149 4098 42.
2221 4048 2450 4098 Mauso.
2483 4046 2531 4109 1,

371 4117 408 4169 2
442 4136 497 4187 Ρ.
560 4117 677 4167 141.
727 4116 914 4182 Heyn.
963 4114 1182 4172 Comm,
1230 4114 1387 4165 Gott.
1441 4116 1549 4165 lx.
1586 4132 1645 4182 Ρ.
1682 4115 1772 4167 30.
1823 4115 2172 4169 Lachmann.
2218 4137 2268 4188 p.
2315 4118 2426 4167 149.
2469 4117 2534 4168 C.

370 4188 439 4239 F.
478 4188 786 4239 Hermann.
826 4185 897 4236 de
942 4186 1199 4251 vestigiis
1247 4186 1511 4237 institutt.
1560 4192 1701 4236 vett.
1749 4205 1852 4258 per
1897 4187 2159 4240 Platonis
2205 4189 2275 4240 de
2314 4186 2538 4254 legibus

367 4256 549 4311 libros
585 4255 922 4326 indagandis
961 4251 1284 4327 (marburg.
1326 4254 1493 4323 1836)
1531 4275 1585 4326 p.
1621 4257 1709 4308 31.
1765 4303 1773 4313 ,

509 4361 570 4430 6)
607 4363 745 4417 vid.
784 4361 842 4428 ξ.
876 4362 934 4426 3,
974 4361 1060 4417 18.
