3067 4975
680 377 753 449 Ι.
815 375 933 448 De
989 372 1366 446 Graeciae
1413 373 1571 446 situ
1620 398 1871 465 magn.
1915 385 2168 465 pao-tt.
2411 373 2511 447 23

325 550 608 627 fertilia
678 551 753 626 et
814 577 1129 626 amoena
1157 556 1243 649 ⁶).
1357 550 1679 653 Reliqua
1755 557 2003 627 omnia
2066 553 2504 630 Phocenses

327 652 406 722 et
470 649 743 721 Boeoti
792 647 1149 727 incolunt.
1246 649 1351 722 Et
1411 649 1844 722 Phocenses
1905 649 2199 752 quidem
2264 654 2506 752 ipsius

321 746 648 818 Parnasi
694 742 1055 845 pleraque
1108 747 1185 820 et
1235 772 1428 847 quae
1475 745 1671 821 iufra
1709 745 1905 819 hunc
1937 744 2029 819 ad
2070 751 2308 820 sinum
2338 751 2503 822 Cri-

324 866 584 916 saeum
642 846 888 941 pertin
1005 844 1087 914 nt
1145 868 1384 943 usque
1447 839 1544 915 ad
1607 841 1994 917 Heliconis
2066 842 2361 921 radices
2390 845 2499 942 ⁷):

318 942 722 1037 praeterea
795 966 888 1011 va
923 939 1064 1012 lem
1146 939 1451 1038 Cephisi
1532 967 1621 1012 su
1676 943 1996 1014 eriorem
2083 965 2323 1041 usque
2403 939 2504 1015 ad

320 1036 582 1108 fauces
656 1036 855 1108 inter
941 1038 1267 1110 Parnasi
1343 1040 1526 1133 iuga
1657 1043 1879 1109 extra
1966 1038 2042 1110 et
2103 1035 2501 1155 Hedylium

319 1133 676 1225 montem,
728 1130 1127 1207 admodum
1179 1141 1544 1230 angustas
1573 1133 1667 1231 ⁸).
1741 1135 2019 1206 Boeoti
2067 1132 2501 1209 inferiorem

322 1225 632 1327 Cephisi
683 1226 951 1301 vallem
999 1228 1395 1328 possident
1445 1233 1797 1332 circaque
1841 1232 1955 1303 Co
2012 1229 2255 1305 aidem
2304 1228 2499 1325 loca,

322 1324 493 1397 dein
543 1323 860 1407 modicis
914 1324 1234 1399 collibus
1284 1329 1697 1400 interiectis
1722 1329 1790 1423 9)
1848 1325 1944 1400 ab
2048 1327 2337 1401 elicone
2366 1353 2496 1402 us-

315 1448 476 1592 {¹3}ss
498 1418 2497 1620 assa‘ssssfflssfflffigizissff{2¹2⁰1332323⁰³¹¹A¹23135⁰1¹1¹13¹¹

315 1618 556 1706 mine,
625 1619 748 1715 qui
815 1615 1272 1691 Cithaerone
1339 1615 1579 1692 editus
1639 1621 1717 1690 in
1784 1573 2147 1716 Euri'pum
2230 1614 2493 1711 influit,

317 1709 574 1808 multis
622 1716 1026 1811 praeterea
1074 1715 1255 1786 rivis
1302 1710 1716 1787 minoribus
1767 1721 1840 1786 et
1874 1712 2042 1787 lacu
2073 1712 2339 1813 Hylice
2388 1719 2492 1787 ir-

259 1813 614 1907 ’riguam
646 1810 770 1903 ¹⁰).
881 1809 1085 1883 Nihil
1148 1814 1224 1881 in
1293 1814 1491 1883 omni
1558 1812 1880 1884 Graecia
1944 1808 2059 1884 his
2127 1812 2492 1884 Boeotiae

315 1908 600 2004 campis
673 1904 1016 1998 uberius,
1089 1903 1271 1979 nihil
1332 1906 1672 2005 frugum,
1747 1910 2050 2008 pecoris
2119 1904 2489 2002 feracius3

318 2003 514 2075 coeli
582 2009 828 2074 tamen
889 2003 1290 2101 temperies
1352 2009 1702 2102 gravior:
1774 2030 2077 2077 crassus
2127 2029 2293 2076 aer:
2359 2029 2489 2079 ae·-

315 2101 554 2173 states
606 2100 831 2173 nimio
881 2126 1107 2199 saepe
1160 2100 1452 2193 calore,
1516 2097 1794 2173 hiemes
1856 2099 2149 2199 frigore
2217 2102 2293 2173 et
2353 2100 2488 2174 hu-

313 2195 646 2270 miditate
694 2196 1058 2270 molestae
1090 2198 1208 2292 ¹¹).
1262 2240 1355 2253 -
1432 2197 1761 2271 Restant
1816 2199 2029 2272 trans
2093 2199 2492 2298 utrumque

313 2296 671 2367 montium
735 2296 1055 2367 tractum
1114 2293 1373 2368 littora
1422 2295 1685 2394 Euripi
1747 2297 2103 2396 sinusque
2169 2297 2490 2389 Crisaei,

308 2390 538 2492 plana
584 2388 945 2491 pleraque
998 2392 1126 2464 aut
1171 2390 1497 2465 molliter
1548 2390 1857 2465 declivia
1875 2417 1908 2483 ,·
1956 2397 2202 2466 minus
2269 2418 2488 2493 quam

311 2486 528 2561 vallis
584 2490 899 2562 interior
962 2486 1276 2582 fertilia,
1358 2516 1601 2591 neque
1675 2493 1925 2563 tamen
2004 2488 2290 2563 sterilia
2359 2493 2542 2577 aut,

311 2610 631 2685 asperat
703 2585 1077 2684 portubus
1148 2604 1478 2687 quoque·
1523 2586 1893 2663 nonnullis
1970 2585 2338 2660 instructa
2414 2589 2492 2661 et

307 2689 422 2755 rei
467 2683 929 2781 piscatoriae
970 2687 1503 2785 maritimisque
1556 2688 2017 2758 commerciis
2067 2710 2486 2758 accommo-

315 2779 493 2852 data
523 2780 645 2875 ¹2).

1290 2963 1359 3041 ς.
1418 2949 1511 3022 v,

501 3075 709 3152 Infra
734 3076 1194 3155 Parnethem
1249 3086 1327 3154 et
1364 3080 1898 3156 Cithaeronem
1951 3076 2050 3152 ad
2098 3075 2482 3153 meridiem

312 3178 391 3249 et
463 3174 747 3248 Eurum
831 3201 1097 3249 versus
1173 3177 1432 3252 littora
1508 3175 1895 3278 paullatim
1975 3178 2484 3270 coarctantur,

312 3271 557 3345 donec
616 3274 694 3344 in
759 3278 1357 3368 promontorium
1420 3276 1698 3348 coeunt
1773 3272 2269 3347 CCCLXXV
2327 3272 2487 3346 fere

311 3367 581 3443 stadiis
645 3394 690 3439 a
753 3370 1124 3444 Boeotiae
1201 3370 1477 3445 finibus
1557 3374 1947 3445 remotum.
2062 3373 2226 3442 Hoc
2303 3395 2483 3469 pro·-

304 3466 766 3538 montorium
834 3464 1151 3542 Sunium
1236 3476 1385 3562 est,
1460 3462 1669 3542 terra
1751 3471 2036 3558 Attica,
2115 3470 2487 3566 triquetra

309 3561 562 3660 figura
628 3569 699 3636 et
762 3564 931 3660 ipso
1001 3569 1148 3640 situ
1197 3592 1288 3639 ac
1351 3566 1496 3639 soli
1559 3568 1832 3639 natura
1893 3568 1972 3636 in
2019 3566 2181 3637 tres
2227 3569 2487 3662 partes

450 3764 514 3835 6)
552 3766 744 3820 strab.
784 3753 892 3836 rx,
928 3769 965 3821 4
1000 3788 1057 3840 p.
1094 3772 1220 3826 425.
1259 3774 1435 3827 mus.
1472 3774 1551 3842 11,
1585 3775 1623 3829 ε
1655 3793 1711 3844 p.
1751 3771 1873 3837 113,
1910 3771 2015 3826 136
2050 3789 2132 3845 sq.

453 3854 519 3922 7)
557 3857 735 3907 Krus·
776 3854 810 3908 l.
847 3857 886 3911 l.
925 3877 979 3928 Ρ.
1017 3859 1070 3911 2.
1388 3882 1397 3893 ·

310 4023 371 4070 ω
451 3945 520 4069 εἰ
554 3944 770 4069 ια.21810,
821 3947 850 3999 1
897 3966 954 4018 p.
990 3948 1125 4015 420,
1171 3950 1296 4004 431.
1374 3949 1586 4003 emk.
1635 3928 1708 4003 aa
1758 3951 1948 4006 strab.
2003 3951 2044 4006 1.
2095 3952 2137 4012 1.
2178 3949 2482 4007 Tharsos.

373 4035 448 4071 m.
559 4036 613 4088 Ρ.
762 4047 774 4063 ·

449 4103 516 4160 9)
553 4100 825 4156 Wheler.
863 4122 917 4173 p.
957 4104 1080 4159 376.
1153 4108 1420 4164 Mueller.
1457 4112 1728 4168 Orchom.
1770 4091 1825 4185 Ρ..
1848 4114 1939 4170 33.

454 4192 548 4259 10)
587 4192 781 4245 Strah.
816 4192 924 4259 IX,
962 4193 1007 4248 ὓ
1032 4214 1087 4264 Ρ.
1124 4196 1247 4264 405,
1285 4199 1408 4253 406.

456 4279 552 4348 ll)
588 4279 765 4333 Krus.
801 4281 876 4347 ll,
916 4282 947 4334 l
985 4302 1039 4353 Ρ.
1078 4285 1186 4338 419
1223 4293 1281 4338 et
1315 4289 1421 4343 499
1459 4308 1543 4363 sq.

456 4368 550 4437 12)
586 4367 801 4439 Ephor.
841 4387 932 4442 ap.
970 4371 1164 4432 strab.
1201 4368 1310 4442 IX,
1347 4378 1383 4432 2
1419 4398 1477 4449 Ρ.
1512 4380 1643 4434 ‘400‘-
