3067 4975
765 358 848 448 Β.
897 358 1017 433 D‘e
1067 354 1472 457 disciplina
1508 350 1850 456 publica.
2203 349 2209 357 “
2297 352 2445 432 347

275 542 424 618 alia
490 563 755 620 rursus
814 561 965 613 non
1029 540 1394 638 pauciora
1453 533 1551 611 ad
1602 534 1949 611 alendum
1998 535 2450 610 acuendum-

275 667 419 742 que
469 643 542 712 in
596 639 972 714 hominum
1022 639 1287 709 animis
1339 634 1598 710 decori
1653 633 2096 734 honestique
2147 657 2449 731 sensum

272 743 352 814 et
417 759 750 811 amorem
814 736 1128 834 egregie
1191 732 1653 830 comparata.
1783 732 1869 803 In
1951 729 2066 803 his
2127 737 2445 831 primum

271 838 459 909 artis
509 860 745 933 opera
793 856 1288 924 numeramus,
1409 855 1494 904 er
1545 854 1836 903 omnem
1886 825 2147 903 urhem
2200 837 2271 901 in
2325 845 2449 902 sa-

273 937 427 1006 cris
457 991 475 998 ff
510 930 981 1032 publicisque
1052 927 1241 1001 locis
1298 855 1619 1026 prurima
1682 932 1758 1003 et
1820 925 2323 1024 pulcherrima
2352 926 2446 1021 ¹),

274 1055 593 1130 quorum
669 1027 1110 1130 quotidiano
1203 1022 1568 1124 adspectu
1648 1022 1814 1098 fieri
1874 1022 2226 1123 profecto
2294 1051 2450 1099 non

269 1130 613 1226 poterat,
697 1130 873 1226 quin
939 1120 1121 1198 illud
1183 1125 1464 1222 ipsum,
1536 1149 1709 1223 ·quo
1776 1119 2072 1194 illorum
2136 1147 2450 1220 operum

267 1221 698 1323 pulcritudo
762 1225 1093 1312 constat,
1173 1223 1396 1294 etiam
1459 1224 1535 1293 in
1587 1225 1875 1292 mentes
1924 1217 2307 1317 paullatim
2363 1245 2449 1294 se

267 1322 718 1410 insinuaret,
792 1321 870 1394 et
930 1319 1121 1393 recti
1185 1316 1473 1391 ordinis
1553 1316 1941 1419 modique,
2025 1315 2449 1416 elegantiae

271 1444 362 1493 ac
424 1415 816 1517 dignitatis
881 1441 1219 1489 normam
1286 1421 1510 1515 atque
1574 1412 1971 1489 formulam
2033 1416 2125 1487 iis
2189 1418 2448 1513 impri-

268 1523 509 1590 meret
535 1516 624 1608 2).
721 1512 1067 1606 Accedit,
1143 1539 1291 1613 quo
1359 1516 1581 1587 etiam
1634 1509 2065 1586 efficaciora
2114 1510 2301 1585 haec
2352 1509 2450 1586 ad

270 1612 649 1688 hominum
700 1616 989 1685 animos
1037 1610 1200 1685 fieri
1251 1636 1566 1684 necesse
1619 1617 1805 1700 erat,
1856 1606 2054 1710 quod
2087 1608 2451 1709 pleraque

269 1737 425 1784 non
479 1708 1012 1785 oblectationis
1066 1708 1307 1799 solnm
1362 1732 1594 1780 cansa
1641 1711 2064 1807 proposita,
2116 1705 2250 1780 sed
2282 1732 2448 1782 cum

268 1808 648 1905 religione
720 1807 1120 1884 coniuncta
1187 1804 1758 1905 numinibusque
1811 1803 2124 1877 deorum
2177 1831 2445 1879 conse-

270 1914 484 1978 crata
558 1905 799 1978 erant.
925 1905 1032 1977 Et
1089 1927 1268 1977 vere
1345 1899 1489 1975 dici
1554 1909 1851 2001 potest,
1925 1904 2002 1975 in
2072 1901 2449 2000 religione

270 2003 733 2075 Graecorum
785 2000 986 2101 quod
1036 2001 1463 2099 praeceptis
1512 2027 1605 2073 ac
1653 1996 2000 2098 populari
2047 1999 2449 2090 rerumdig-

267 2104 607 2194 vinarum
676 2100 1068 2173 doctrinae
1138 2096 1501 2183 desuerit,
1580 2095 1656 2170 id
1722 2099 1910 2169 artis
1972 2122 2211 2195 opera
2261 2123 2451 2197 quo-
2528 2169 2531 2174 ,

269 2195 667 2270 dammodo
722 2204 1279 2294 compensatum
1334 2220 1423 2267 ac
1474 2193 1898 2293 suppletum
1961 2221 2156 2278 esse.
2256 2196 2448 2289 Nam

270 2292 618 2368 doctrina
669 2293 1062 2392 religionis
1115 2298 1246 2366 aut
1294 2291 1501 2365 nulla
1553 2301 1716 2365 erat
1766 2296 1898 2364 aut
1946 2290 2225 2366 sabulis
2276 2318 2448 2365 cor-

269 2394 497 2490 rupta
551 2395 628 2465 et
678 2388 1126 2485 obscurata3
1204 2416 1334 2464 ars
1382 2391 1627 2463 autem
1672 2389 2074 2490 pleraque,
2155 2416 2248 2464 ea
2296 2391 2451 2489 qui·
2568 2469 2572 2473 ,

269 2486 439 2563 dem
491 2496 722 2584 certe,
791 2515 982 2590 quae
1034 2488 1316 2588 templa
1364 2486 1676 2562 deorum
1730 2497 1804 2561 et
1855 2485 2170 2561 delubra
2222 2514 2448 2560 orna-

269 2582 427 2676 bat,
475 2585 699 2685 plena
751 2594 916 2663 erat
967 2590 1386 2660 sanctitatis
1457 2593 1532 2660 et
1578 2587 1881 2683 pietatis
1930 2586 2282 2686 illamque
2335 2586 2466 2658 di:

268 2687 487 2757 vinae
549 2691 866 2758 naturae
927 2683 1366 2782 dignitatem
1432 2709 1522 2757 ac
1586 2685 2163 2782 praestantiam,
2251 2710 2444 2784 quae

267 2777 738 2856 venerabiles
794 2782 980 2856 deos
1037 2779 1462 2862 hominihus
1513 2779 1827 2873 faceret,
1892 2807 2157 2879 puram
2207 2792 2285 2854 et
2334 2786 2448 2855 in-

264 2882 706 2952 temeratam
759 2878 1154 2972 servahat,
1228 2904 1471 2980 eoque
1536 2875 1917 2950 efficacius
1969 2877 2446 2952 commenda-

269 2973 435 3070 bat,
514 3001 664 3074 quo
717 2981 1028 3075 propius
1082 2976 1637 3053 divinitatemne
1689 2973 1927 3047 dicam
1981 2975 2448 3069 humanitati,

265 3100 362 3147 an
436 3073 967 3146 humanitatem
1030 3072 1395 3147 divinitati
1461 3069 1914 3148 admovebat
1938 3074 2028 3171 3).
2150 3072 2444 3147 Eodem

266 3197 434 3244 cum
502 3169 642 3243 hac
708 3175 873 3244 arte
924 3169 1096 3244 loco
1149 3175 1370 3244 etiam
1421 3168 1821 3268 tragoedia
1872 3170 2253 3246 censenda
2305 3176 2447 3265 est,

266 3277 343 3340 et
410 3274 578 3368 ipsa
655 3269 820 3340 tota
901 3294 1075 3353 cum⁵
1141 3265 1523 3365 religione
1585 3271 1987 3341 coniuncta
2076 3268 2445 3370 festisque

265 3362 1097 3439 deorum'solemnihus
1145 3369 1364 3440 unice
1419 3365 1797 3438 destinata
1823 3364 1922 3461 4).
2008 3368 2200 3440 Nam
2231 3373 2448 3441 vetus

265 3461 564 3560 quidem
628 3460 757 3533 illa
823 3461 1264 3561 tragoedia,
1341 3461 1634 3563 qualem
1687 3464 2107 3560 Aeschylus
2164 3467 2239 3536 et
2292 3464 2446 3538 So-

262 3556 581 3658 phocles
629 3555 1012 3655 fecerunt,
1095 3563 1353 3660 gravis
1427 3563 1505 3633 et
1563 3586 1834 3635 severa
1898 3564 2303 3662 castaeque
2372 3566 2453 3637 et

411 3834 475 3902 1)
526 3834 617 3889 Cf.
675 3838 952 3909 imprimis
998 3839 1240 3908 Jacobs,
1290 3840 1438 3894 iiber
1488 3839 1601 3894 den
1636 3839 1986 3895 Reichthum
2022 3841 2127 3895 der
2164 3798 2451 3897 Grieehen

266 3924 376 4033 235
391 3905 743 3978 plastischen
788 3910 1256 3978 Kunstwerken‚
1316 3915 1508 3987 script.
1558 3912 1795 3966 miscell.
1843 3914 2036 3979 111‘12.
2086 3915 2191 3968 427
2236 3935 2357 3987 sqq.
2394 3925 2453 3969 et

412 3998 535 4050 sqq.
1402 4010 1409 4017 ·

411 4080 477 4153 2)
517 4085 606 4140 Cf.
646 4087 886 4141 Herder.
926 4088 1233 4160 Galligone
1271 4093 1332 4144 11
1367 4112 1424 4164 p.
1464 4091 1589 4146 135.
1658 4090 1972 4147 Jacohscl.
2007 4091 2048 4147 l.
2084 4105 2141 4156 p.
2180 4093 2304 4147 452.

404 4189 470 4261 3)
509 4194 750 4250 Jacobs,
790 4216 845 4268 p·
882 4197 1186 4252 360-365·
1263 4200 1612 4267 Griineisen,
1648 4199 1796 4253 iiber
1834 4199 1926 4253 die
1963 4196 2318 4255 Sittlichkeit
2352 4197 2455 4253 der

261 4262 586 4318 hildenden
625 4266 822 4321 Kunst
857 4268 953 4322 hei
993 4270 1103 4323 den
1143 4270 1448 4325 Griechen.
1520 4272 1717 4343 Leipz.
1758 4273 1918 4328 1833.
2313 4288 2322 4297 ·

421 4372 483 4440 4)
520 4374 615 4427 De
644 4372 758 4427 luae
794 4394 1023 4449 qnoque
1062 4382 1292 4449 egregie
1331 4379 1584 4451 disputat
1615 4380 1853 4436 Jacobs.
1889 4393 1947 4449 p.
1983 4378 2285 4437 306-318·
