3067 4975
548 368 584 433 l
599 357 687 432 16
747 328 791 387 ”
842 334 909 431 ἶΙ
919 358 994 431 V.
1048 358 1114 429 1.
1163 359 1285 431 De
1334 360 1916 460 Spartanorum
1964 388 2055 438 re
2089 363 2428 465 publica.

742 525 747 530 ’
1497 555 1567 634 §·
1617 545 1785 619 Vn.

749 674 1082 753 Ordines
1134 673 1399 746 civium
1450 677 1582 748 aut
1631 674 1916 754 classes
1965 704 2008 752 e
2042 704 2276 753 censu
2303 668 2729 778 descriptae

531 780 655 872 „ab
706 779 920 853 initio
971 765 1221 843 nullae
1272 773 1616 867 eraut-¹),
1667 773 1800 848 sed
1849 778 2017 872 pari
2069 800 2331 851 omues
2394 780 2595 852 inter
2645 803 2730 851 se

555 888 721 958 iure
787 878 865 948 et
930 862 1309 967 aequabili
1375 864 1538 942 fere
1600 875 2165 968 possessionum
2235 870 2462 946 modo
2523 876 2730 948 vive-

559 981 761 1055 bant.
860 970 1242 1064 Agrorum
1290 989 1487 1063 quos
1536 972 2095 1066 occupaverant
2160 973 2485 1043 omnium
2607 996 2731 1043 ro-

555 998 2735 1246 ⁹5¹⁶32ffi¹¹¹h3¹131⁶²ffl12d⁰{fit‘fflff‘fflzffa'zz‘2>2{2⁶f

561 1196 760 1346 &qs
806 1252 1176 1349 retinebat
1202 1254 1314 1349 ³),
1364 1186 1700 1358 religuos
1749 1190 2569 1358 civibugpossidend‘bs
2602 1191 2735 1333 dsa-
2813 1346 2820 1357 .

566 1366 730 1455 bat,
809 1354 1152 1454 aequatis
1273 1355 1580 1426 uantum
1643 1354 1810 1430 fieri
1883 1357 2192 1454 poterat
2264 1356 2736 1455 singulorum

556 1450 1046 1567 portionibus
1071 1446 1156 1533 ⁴).
1309 1449 1719 1526 recedente
1770 1458 2016 1526 autem
2064 1456 2434 1554 tempore,
2481 1451 2735 1555 porla-

559 1566 815 1660 nsque
864 1544 1183 1624 subinde
1234 1549 1527 1646 imperii
1575 1545 1881 1644 finibus,
1945 1575 2168 1651 quum
2230 1561 2547 1651 propter
2597 1578 2732 1626 au-

564 1660 763 1735 ctam
826 1646 1200 1720 bominum
1261 1642 1809 1720 multitudinem
1872 1646 2125 1721 multis
2186 1646 2486 1723 familiis
2550 1675 2732 1748 pos-

561 1741 1941 1936 ῗιῗέἲέἵιῗιῗιῖ.ιῗέἒῖςὲἓῗωῗιῗῗῗῖἷιῗέἔ
1954 1770 2736 1917 ἐἣᾶἓζῖῗωῗὲἱῗιῖξὲῗ

558 1943 763 2026 modi
811 1931 1423 2012 distributionum
1470 1940 1863 2035 postrema
1911 1964 2101 2037 rege
2136 1937 2527 2041 Polydoro
2558 1940 2739 2039 post

558 2039 1018 2123 Messeniam
1067 2028 1416 2104 diviciam
1467 2036 1817 2108 instituta
1843 2033 2163 2130 videtur,
2216 2062 2365 2139 quo
2395 2040 2736 2136 tempore

558 2147 958 2219 universus
1023 2132 1456 2228 portionum
1520 2155 1878 2206 numerus
1956 2128 2205 2208 factus
2284 2140 2401 2207 est
2462 2160 2733 2209 novem

559 2394 627 2442 ut
673 2383 765 2436 his
806 2376 1000 2450 potius
1051 2390 1121 2426 ea
1166 2372 1411 2424 mutatio
1460 2370 1713 2427 tribuum
1763 2373 2059 2430 debeatur.
2136 2377 2406 2430 Ceterum
2440 2395 2548 2448 pro
2583 2376 2737 2450 Δῦμᾳ

514 2452 523 2459 ’
556 2455 789 2515 Lacbm.
826 2442 1301 2523 posuitz'noiower,
1337 2461 1446 2497 nec
1480 2443 1722 2499 multum
1760 2446 1833 2500 ab
1871 2445 1981 2502 bac
2016 2449 2243 2502 ratione
2280 2448 2524 2503 discedit
2541 2449 2733 2503 Muel-

553 2533 662 2594 ler,
691 2526 846 2582 πὸλιν
875 2534 1119 2592 ponens.
1195 2514 1334 2569 vid.
1370 2514 1780 2587 Philologiaal.
1813 2519 2126 2573 Meuseum
2159 2521 2218 2574 11
2252 2541 2307 2594 p.
2346 2524 2434 2576 51.
2486 2524 2735 2575 Haasius

557 2602 808 2669 denique
853 2590 927 2645 ad
971 2591 1124 2643 Xen.
1160 2586 1234 2639 de
1270 2606 1316 2640 r.
1352 2606 1409 2658 p.
1447 2588 1515 2642 L.
1555 2608 1611 2660 p.
1644 2591 1753 2644 203
1796 2608 1920 2646 non
1978 2594 2233 2664 quinque
2274 2592 2381 2646 sed
2423 2610 2531 2647 sex
2574 2593 2735 2646 urbis

554 2674 824 2742 regiones
858 2663 1076 2729 statuit,
1110 2657 1433 2711 rationibus
1469 2677 1593 2721 non
1626 2663 1766 2715 satis
1803 2662 2012 2716 validis
2044 2670 2358 2735 permotus.

697 2772 761 2846 l)
798 2770 988 2826 Aliter
1020 2771 1303 2833 statuunt,
1336 2764 1441 2819 sed
1477 2772 1696 2821 temere
1719 2772 1777 2821 et
1793 2765 2090 2823 historiam
2110 2789 2219 2825 suo
2240 2770 2521 2825 arbitratu
2541 2770 2734 2825 diffin-

476 2900 487 2908 ,
556 2855 790 2924 gentes,
837 2844 1150 2905 Rei-tuem,
1185 2838 1421 2890 Wesen
1457 2856 1515 2890 u·
1554 2837 1892 2893 Scbickaale
1927 2840 2031 2896 der
2070 2841 2733 2897 doriscli-lakoniscbe'n

554 2910 1109 2988 Aekergesetzgeb·,
1153 2911 1217 2963 iu
1266 2906 1604 2962 Scblossers
1652 2929 1712 2964 u.
1758 2909 2026 2965 Bercbt’s
2071 2914 2294 2968 Archiv
2344 2914 2382 2969 f.
2424 2913 2638 2969 Geseb.
2675 2934 2734 2972 u.

554 2998 693 3051 Litt.
726 3001 864 3044 tom.
898 2985 1008 3039 IV.
1046 2987 1105 3035 et
1139 2978 1490 3036 Lachmann.
1523 3001 1581 3054 p.
1621 2982 1729 3037 128
1761 3001 1827 3054 sq
1870 3020 1886 3038 .
1957 2983 2182 3039 Horum
2230 2985 2400 3040 alteri
2455 2989 2596 3040 satis
2644 3004 2735 3040 re..

555 3063 790 3141 spondit
831 3059 1146 3113 Hermann.
1183 3052 1256 3106 de
1295 3055 1485 3106 causis
1517 3052 1674 3109 turb.
1712 3071 1804 3126 ap.
1831 3002 2066 3109 qLaced.
2107 3074 2229 3127 agr.
2269 3056 2537 3130 aequalit.
2575 3078 2628 3129 p.
2667 3058 2736 3113 17

554 3159 671 3211 sq„
727 3134 798 3185 de
840 3129 1020 3182 altero
1085 3142 1195 3195 ego
1254 3122 1374 3177 dixi
1421 3125 1485 3177 in
1533 3123 1671 3179 diu.
1718 3125 1791 3178 de
1842 3125 2102 3181 ecclesiia
2146 3129 2735 3183 Lacedaemoniorum

555 3204 808 3280 (Gryph.
846 3198 1005 3256 1836.
1041 3193 1128 3268 4).
1163 3217 1220 3269 p.
1262 3197 1332 3250 1⁰
1365 3213 1494 3268 sqq.

694 3310 760 3383 2)
797 3309 950 3363 Nam
998 3319 1139 3356 vere
1174 3302 1393 3375 proprii
1428 3303 1790 3373 privatorum
1827 3306 1952 3374 agri
1985 3323 2108 3362 non
2156 3314 2349 3377 erant,
2400 3326 2547 3381 quos
2596 3307 2732 3363 aba·

553 3388 776 3445 lieuare
812 3396 932 3433 uon
966 3376 1186 3429 liceret.

690 3487 757 3560 3)
797 3484 892 3542 ef.
927 3479 1198 3536 Mueller.
1237 3480 1378 3532 Dor.
1411 3480 1473 3533 11
1505 3499 1562 3551 p.
1599 3481 1721 3538 190.

692 3595 759 3668 4)
794 3593 947 3651 Pht·
986 3589 1166 3658 1⁴⁰8&-
1212 3586 1301 3640 ῙῙῙ
1345 3604 1402 3657 1)-
1449 3585 1900 3641 684'fortunam
1946 3589 2271 3663 Spartanae
2318 3594 2404 3647 rei
2464 3592 2733 3666 publicae

550 3670 845 3747 praedicat
880 3665 974 3718 cui
1020 3658 1193 3714 facile
1228 3657 1457 3712 licuerit
1491 3657 1688 3725 ἷσότητά
1721 3678 1833 3713 τινα
1868 3660 1952 3728 τῆς
1981 3662 2155 3718 edebas·
2185 3664 2338 3717 inter
2372 3668 2530 3719 cives
2566 3668 2733 3721 iusti-

548 3753 719 3799 tuere
753 3739 855 3794 abs
895 3754 970 3789 ue
1003 3731 1308 3787 invidiosis
1344 3727 1575 3799 legibus
1616 3733 1859 3799 agrariis
1896 3738 1995 3786 aut
2040 3731 2256 3787 tabulis
2306 3740 2506 3805 novis,
2557 3756 2731 3809 quum

551 3822 829 3886 occupata
913 3807 1150 3861 aconica
1184 3803 1406 3873 copiam
1458 3818 1728 3872 agrorum
1779 3804 2158 3874 aequabiliter
2204 3805 2733 3862 distribuendorum

542 3885 955 3959 suppeditaret.
1034 3879 1092 3930 Is
1126 3877 1305 3944 igitur
1339 3869 1490 3925 banc
1527 3873 1994 3945 aequabilitatem
2033 3876 2456 3934 distributionis
2498 3880 2571 3933 ad
2607 3883 2734 3952 ipsa

540 3962 709 4013 initia
743 3957 829 4010 rei
864 3949 1024 4025 publ.
1059 3946 1268 4010 refert,
1316 3962 1426 3996 nec
1460 3944 1734 4015 Lycurgi,
1785 3964 1956 4018 quem
1992 3947 2092 4001 alii
2126 3951 2372 4020 primum
2408 3949 2591 4006 huius
2629 3970 2731 4006 ,u-

542 4037 756 4085 ctorem
804 4021 1136 4100 perbibent,
1178 4016 1358 4071 ullam
1406 4018 1756 4069 mentionem
1804 4017 1960 4071 facit.
2031 4020 2110 4072 Et
2144 4038 2284 4073 sane
2324 4022 2602 4077 credibile
2642 4015 2731 4079 est

540 4102 872 4173 Lycurgum
901 4111 1013 4149 nec
1047 4092 1291 4163 primum
1306 4105 1417 4140 nec
1451 4087 1640 4141 solum
1679 4087 1791 4141 hoc
1825 4091 2161 4158 instituisse,
2198 4093 2302 4146 sed
2325 4095 2730 4151 tantummodo

485 4193 490 4201 ·
542 4182 644 4228 aut
677 4188 866 4225 novo·
900 4177 1071 4236 agros
1108 4161 1332 4215 civibus
1368 4159 1652 4223 divisisse,
1692 4163 1985 4215 autetiam
2017 4162 2304 4218 turbatam
2331 4165 2524 4238 aliquo
2547 4167 2726 4222 mod„

542 4242 1005 4318 aequabilitatem
1050 4234 1387 4290 restituisse.
1468 4232 1563 4285 De
1610 4230 1939 4287 Kortuemii
1987 4242 2046 4288 et
2088 4235 2447 4291 Lachmanni
2494 4243 2728 4293 temeri-

536 4325 676 4383 tate,
713 4318 811 4389 qui
847 4327 1077 4365 omnem
1112 4304 1261 4359 banc
1297 4303 1370 4357 de
1407 4301 1819 4375 aequabilitate
1854 4307 2244 4361 narrationem
2282 4308 2499 4363 fabulis
2537 4311 2721 4365 adnu-

536 4396 761 4478 merant
797 4383 952 4442 conf.
987 4380 1303 4437 Hermann.
1340 4373 1382 4428 l.
1420 4373 1459 4429 1.
1495 4395 1558 4448 p.
1595 4376 1667 4431 12
1700 4392 1925 4449 uosque
1961 4375 2080 4436 1.,1.
2117 4400 2172 4449 p.
2214 4382 2304 4436 12.
2344 4383 2433 4437 13.
