3067 4975
633 412 783 485 242
1039 410 1120 483 V.
1167 408 1285 482 De
1334 429 1424 479 re
1458 402 1777 506 publica
1828 365 2421 480 Athent'ensaebem.

635 597 816 672 exui
863 589 1243 694 poterant.
1272 591 1344 683 ³)
1441 587 1624 685 lpsa
1687 610 1872 660 vero
1922 586 2271 706 potestas
2321 611 2473 660 non
2525 592 2809 688 tempo-

637 697 748 767 ris
798 688 1039 764 solum
1063 684 1510 774 brevissimi,
1533 684 1606 778 ⁴)
1659 682 1795 757 sed
1847 690 2069 756 etiam
2128 685 2327 757 inter
2361 681 2618 783 plures
2666 685 2810 785 ple-

639 809 958 887 rumque
1004 785 1172 881 pari
1218 783 1417 855 inter
1462 784 1676 878 ipsos
1724 783 1891 854 iure
1924 777 2352 873 distributa,
2404 807 2553 881 quo
2582 786 2811 855 minus

641 910 785 987 per
835 907 919 956 se
971 876 1252 977 singuli
1302 879 1643 974 possent.
1695 877 1805 948 Er
1863 902 1910 948 a
1955 880 2300 974 privatos
2348 880 2467 950 ius
2520 879 2806 978 quidem

645 974 1044 1056 coercendi
1073 972 1538 1073 mulctaeque
1564 971 1781 1046 dicen
1839 998 1950 1062 ae,
2004 975 2071 1045 si
2106 977 2409 1072 quinon
2442 972 2809 1073 obtempe-

642 1079 889 1169 raret3
942 1069 1078 1147 sed
1143 1094 1368 1171 quum
1433 1068 1695 1154 modus
1755 1068 2074 1142 mulctae
2142 1067 2495 1143 definitus
2521 1073 2605 1165 ⁵),
2664 1077 2810 1143 tum

642 1201 741 1249 ne
790 1170 1008 1246 buius
1060 1167 1356 1269 quidem
1407 1193 1641 1267 penes
1688 1168 1904 1266 ipsos
1954 1168 2081 1266 qui
2131 1163 2484 1239 dixerant
2524 1170 2809 1241 exactio

644 1278 812 1347 erat
835 1272 936 1360 ⁶):
990 1269 1068 1340 et
1113 1273 1421 1364 poterat
1470 1267 1594 1364 qui
1643 1262 1872 1337 vellet
1931 1289 1977 1335 a
2044 1266 2492 1361 magistratu
2551 1263 2643 1336 ad
2701 1268 2808 1336 iu-

644 1367 853 1441 dices
915 1386 1336 1462 provocare
1362 1362 1461 1455 ⁷),
1527 1384 1676 1459 qua
1752 1384 1840 1434 re
1900 1357 2067 1433 fleri
2128 1384 2440 1434 necesse
2507 1367 2669 1434 erat
2736 1367 2811 1432 ut

642 1490 830 1636 331¹}
836 1486 1053 1631 ‘'¹¹32''
1059 1483 1254 1628 ἵζ’...
1293 1458 2278 1652 Ἳξῇῗῖ”ῗίι’ἓςῑξέἲὲιῖἷᾶ“ὲιι“
2326 1455 2540 1652 affl
2548 1460 2809 1627 “51⁸2ss

641 1582 1166 1731 auctoritatssgem
1232 1655 1310 1724 et
1375 1654 1873 1725 reverentiam
1941 1647 2255 1724 Athenis
2314 1648 2552 1747 fuisse
2601 1675 2805 1723 nemo

639 1750 1070 1845 mirabitur3
1104 1772 1544 1849 quamquam
1565 1748 1903 1840 iniurias,
1932 1750 2153 1820 etiam
2173 1743 2597 1841 verborum,
2632 1773 2712 1821 er
2765 1771 2808 1818 a

647 1877 784 1927 eos
835 1848 1276 1922 commissas
1326 1847 1596 1942 capitis
1645 1842 2149 1916 deminutione
2216 1845 2520 1937 (ἀτιμίᾳ)
2580 1772 2803 1918 vingi-

646 1949 807 2021 cari
855 1944 1072 2042 leges
1118 1938 1487 2017 iubebant
1511 1943 1597 2036 ⁸).
1703 1942 2046 2036 Iusiguia
2105 1942 2676 2036 magistratuum
2735 1941 2805 2011 et

643 2043 1088 2117 ornamenta
1135 2035 1338 2110 nulla
1391 2043 2093 2126 commemorantur,
2142 2040 2452 2136 praeter
2489 2062 2799 2111 coronas

642 2141 1000 2237 myrteas,
1110 2160 1249 2207 uas
1312 2141 1389 2211 et
1449 2127 1720 2212 novem
1790 2133 2191 2207 archontes
2256 2139 2331 2205 et
2379 2132 2508 2208 alii
2560 2134 2799 2234 plures

640 2238 719 2311 iu
769 2238 1055 2332 fungen
1121 2256 1165 2302 o
1222 2255 1526 2309 munere
1576 2226 1990 2327 gestabant
2015 2233 2106 2320 9).
2169 2228 2562 2332 Plerisque
2590 2235 2798 2305 etiam

642 2330 874 2408 aedes
923 2324 1266 2430 publicae
1315 2335 1602 2425 (ἀρχεῖα)
1652 2324 2060 2401 attributae
2112 2331 2351 2420 erant,
2410 2331 2492 2403 iu
2543 2325 2800 2429 quibus

775 2552 837 2620 3)
874 2553 1018 2606 vid.
1055 2569 1181 2625 cap.
1216 2551 1251 2605 4
1288 2548 1344 2619 §.
1381 2549 1470 2611 33,
1508 2550 1597 2609 11.
1637 2549 1729 2605 Cf.
1778 2551 1916 2624 Lys.
1961 2555 2024 2606 in
2069 2551 2407 2607 Nicomach.
2451 2575 2510 2627 Ρ.
2557 2555 2687 2621 842,
2733 2570 2798 2606 ex

638 2643 755 2700 quo
790 2624 924 2678 loco
979 2640 1254 2697 apparere
1308 2622 1559 2689 videtur,
1615 2627 1785 2676 etiam
1840 2626 2217 2695 conscriptam
2271 2629 2553 2680 rationem
2608 2629 2796 2698 quavis

683 2700 910 2767 rytania
945 2714 980 2748 a
1014 2692 1458 2764 magistratibus,
1493 2696 1546 2745 si
1581 2712 1701 2747 non
1737 2695 2018 2762 omnibus,
2056 2703 2114 2748 at
2142 2696 2316 2766 pteris
2356 2717 2430 2751 ue
2467 2704 2671 2763 tamen,
2708 2715 2796 2750 ex·

634 2717 940 2821 bibendam
977 2766 1174 2819 fuisse.
1211 2766 1313 2817 Ait
1348 2767 1496 2816 enim
1514 2765 1749 2834 Lysias.-
1783 2763 1916 2819 κατὰ
1948 2769 2257 2840 πρυτανείαν
2286 2770 2446 2840 λογον
2478 2770 2792 2843 ἀναφέρουσι.

638 2841 881 2895 cuinam
921 2857 991 2892 ea
1024 2841 1173 2891 ratio
1210 2834 1467 2889 exhibita
1501 2838 1579 2887 sit
1614 2855 1890 2908 quaerere
1927 2853 2082 2890 nunc
2117 2856 2233 2891 non
2265 2849 2464 2894 vacat.-
2502 2844 2797 2894 coniuncta

637 2920 827 2963 autem
864 2909 1011 2963 haec
1058 2911 1283 2983 questio
1334 2924 1463 2959 cnm
1508 2925 1580 2960 ea
1623 2915 1728 2976 est,
1776 2927 1946 2982 quam
1997 2927 2172 2981 supra
2207 2911 2263 2979 §.
2298 2912 2568 2966 xxxlx
2611 2918 2731 2965 not.
2763 2912 2796 2964 4

635 2984 819 3052 tetigi.

774 3085 842 3156 4)
887 3087 1071 3140 Erant
1119 3085 1397 3141 ordinarii
1444 3087 1812 3153 magistratus
1860 3105 2060 3147 omnes
2116 3091 2292 3142 annui
2340 3096 2569 3160 praeter
2599 3090 2792 3158 ταμίας.

633 3159 905 3212 Ceterum
942 3159 1012 3211 cf.
1045 3161 1287 3212 Aristot.
1324 3155 1499 3214 Polit.
1535 3158 1616 3225 V,
1653 3157 1706 3225 8,
1739 3159 1796 3220 3,
1833 3161 1930 3231 qui
1968 3160 2136 3213 docet
2162 3163 2475 3234 antiquitus
2510 3163 2795 3230 magistra·

632 3237 731 3286 tus
758 3232 1113 3303 πολυχρονίους
1141 3229 1337 3283 fuisse.

777 3333 844 3403 5)
880 3335 1210 3403 Ἐπιβάλλειν
1257 3330 1391 3387 κατὰ
1442 3332 1496 3389 ni
1541 3338 1684 3392 τέλος.
1758 3334 2057 3390 Demosth.
2118 3338 2179 3390 in
2207 3339 2476 3393 ‘Maean-t.
2523 3358 2580 3411 Ρ.
2636 3334 2793 3390 1⁰76:

632 3424 801 3478 quem
837 3405 1026 3459 locum
1062 3409 1273 3458 rectius
1312 3424 1344 3457 a
1379 3407 1575 3459 Petito
1611 3407 1789 3475 Legg.
1820 3411 1942 3462 Aet.
1979 3427 2035 3479 1?-
2074 3409 2180 3463 594
2216 3417 2274 3461 et
2308 3428 2342 3462 a
2374 3410 2600 3463 Meiero
2636 3410 2794 3463 Proc-

629 3482 750 3532 Att.
789 3497 844 3550 Ρ.
882 3479 957 3532 34
995 3485 1290 3548 acceptum
1327 3477 1591 3544 arbitror,
1668 3496 1801 3533 uam
1840 3497 1874 3531 a
1909 3478 2154 3533 Reiskio
2193 3477 2451 3548 (Scbaef.
2487 3485 2634 3553 App.
2675 3481 2791 3533 crit.

631 3550 722 3602 lv
748 3569 813 3621 Ρ.
851 3547 981 3614 132)
1020 3556 1078 3601 et
1115 3547 1186 3599 ab
1225 3550 1577 3616 Hermanno,
1655 3568 1687 3601 e
1722 3552 1961 3619 vestigg.
1998 3558 2140 3608 vett.
2174 3554 2382 3606 institt.
2416 3572 2473 3625 Ρ.
2509 3554 2601 3607 36.

772 3655 829 3712 6)
863 3656 1018 3708 Nam
1069 3652 1311 3706 indicari
1364 3652 1635 3708 mulctam
1683 3664 1782 3713 aut
1833 3657 2194 3727 praetoribus
2250 3671 2349 3713 aut
2399 3657 2789 3731 quaestoribus

516 3756 519 3759 ·
629 3725 951 3814 oportebat,
987 3727 1087 3798 qui
1124 3743 1246 3778 eam
1303 3727 1616 3792 exigerent.
1658 3726 1933 3783 Aeschin.
1984 3731 2043 3780 in
2101 3730 2385 3784 'fimat-ch.
2430 3748 2488 3802 Ρ.
2535 3731 2624 3784 62.
2661 3729 2790 3797 lays.

625 3814 751 3871 υπερ
767 3795 854 3850 τοῦ
866 3813 1030 3871 omar.
1068 3815 1124 3870 Ρ.
1152 3797 1275 3853 323.
1299 3797 1507 3851 Maior.
1529 3795 1572 3850 1.
1595 3796 1635 3850 Ι.
1659 3797 1749 3852 ef.
1776 3805 1835 3851 et
1853 3798 2006 3851 infra
2028 3799 2083 3867 ᾧ.
2106 3802 2193 3867 44,
2230 3803 2265 3854 2
2289 3811 2347 3855 et
2372 3821 2421 3856 c.
2447 3802 2486 3856 6
2506 3797 2557 3873 §-
2579 3801 2666 3869 60,
2703 3801 2788 3855 12·

766 3899 830 3970 7)
865 3900 1160 3956 Plutarch.
1199 3899 1406 3955 Solon.
1442 3920 1493 3956 c.
1532 3902 1622 3958 18.
1656 3905 1862 3959 Meier.
1898 3925 1954 3978 Ρ.
1988 3908 2079 3967 35.
2151 3907 2394 3964 Heffter.
2435 3928 2494 3981 Ρ.
2529 3908 2636 3963 418
2669 3924 2786 3978 sqq.

625 3971 720 4030 Cf.
753 3991 927 4061 supra
958 3973 1015 4044 §.
1052 3974 1105 4042 8,
1143 3975 1229 4028 10.

761 4079 824 4146 8)
862 4082 1027 4134 Dem.
1062 4081 1125 4133 in
1159 4079 1305 4134 Mid.
1340 4099 1395 4151 Ρ.
1429 4080 1554 4148 524,
1591 4083 1664 4137 22
1701 4091 1759 4136 et
1795 4083 1890 4138 all.
1927 4078 2017 4157 οΡ.
2053 4086 2259 4140 Meier.
2299 4086 2371 4140 de
2414 4081 2552 4140 bon.
2604 4085 2782 4140 damn·

619 4168 678 4224 Ρ.
716 4148 835 4206 129.
869 4149 1171 4224 Inelyveld.
1210 4146 1282 4206 de
1317 4150 1555 4206 infamia
1586 4172 1643 4225 Ρ.
1665 4154 1787 4210 168.

758 4253 822 4325 9)
858 4257 1132 4313 Aeschin.
1168 4261 1232 4312 in
1268 4257 1554 4313 Timar-ch.
1588 4279 1645 4331 Ρ.
1682 4263 1767 4317 44.
1805 4261 1942 4333 lays.
1974 4267 2037 4316 in
2060 4263 2328 4319 'Euaudn
2376 4283 2433 4336 Ρ.
2471 4262 2598 4317 793.
2667 4262 2778 4313 De·

614 4327 821 4382 mosth.
857 4331 916 4381 in
953 4331 1095 4386 Mid.
1135 4350 1189 4402 Ρ.
1228 4330 1337 4384 524
1372 4339 1512 4384 extr.
1550 4349 1635 4386 or.
1671 4335 1706 4387 2
1741 4337 1802 4387 in
1839 4337 2136 4404 Aristogit.
2169 4356 2226 4407 Ρ.
2252 4337 2377 4391 802.
2401 4353 2480 4389 or.
2503 4338 2562 4387 in
2591 4330 2776 4387 Theo-

608 4401 746 4453 crin.
782 4402 1018 4475 p.1330,
1054 4402 1142 4457 21.
1176 4402 1395 4458 Mento.
1431 4402 1616 4463 Leott.
1650 4407 1773 4459 Act.
1811 4405 1918 4471 vl,
1953 4407 2002 4463 6.
2061 4408 2291 4463 Coruini
2331 4409 2398 4462 F.
2432 4408 2506 4461 A.
2543 4403 2566 4457 l
2602 4425 2658 4476 Ρ.
2693 4400 2778 4457 25.
