3067 4975
611 339 760 416 :320
1019 335 1100 414 V.
1147 339 1269 414 De
1315 363 1406 413 re
1440 337 1760 439 publica
1803 336 2397 414 Atheniensium.

612 519 812 597 bello
890 546 980 594 ac
1039 545 1223 594 mox
1298 518 1494 593 Phili
1551 521 1628 619 pi
1690 519 2031 594 victoriis
2093 523 2306 594 'vires
2376 518 2780 597 Athenien-

530 701 531 706 *
606 622 795 693 sium
842 621 921 692 in
968 620 1411 717 perpetuum
1508 617 1765 691 ractae
1828 625 2025 691 sunt.
2154 615 2485 692 Tributa
2556 623 2776 694 etiam

598 723 784 814 post
859 717 1287 814 reparatum
1365 713 1930 788 Atheniensium
2018 717 2408 813 imperium
2489 721 2778 814 pariter

603 817 831 915 atque
883 817 1108 885 autea
1139 814 1367 884 sociis
1389 814 1740 909 imposita
1773 813 2014 909 erant,
2066 837 2491 912 quanquam
2519 812 2774 911 paullo

602 908 937 983 fortasse
985 907 1274 982 leviora
1320 914 1398 981 et
1446 912 1746 983 nomine
1774 913 2015 982 minus
2052 909 2422 982 invidioso
2450 918 2779 1004 συντάξεις

577 1004 806 1086 „dicta
829 1004 921 1096 4).
1019 1006 1332 1095 Quanta
1378 1002 1660 1079 fuerint
1707 1032 1753 1079 a
1801 1009 2092 1082 nemine
2140 1007 2543 1079 memoriae
2592 1032 2770 1105 pro-

605 1103 839 1176 ditum
893 1103 1047 1196 est3
1099 1102 1234 1177 sed
1270 1101 1362 1178 de
1388 1106 1610 1176 Mcc
1642 1100 1970 1194 talentiS‚
2023 1129 2216 1203 quae
2246 1099 2387 1176 sub
2416 1102 2770 1203 Lycurgo

602 1200 1006 1302 quotannis
1054 1199 1440 1295 redibant,
1478 1197 1810 1274 dubitari
1861 1226 2011 1274 nou
2064 1201 2321 1300 potest
2359 1204 2533 1299 quin
2567 1198 2774 1275 bona

594 1294 1129 1469 Ξιῗῖἱῖιῗίἷῖῗέ
1170 1302 1560 1474 ἱῖῗῖἔὲἓὶἓ
1610 1295 1974 1469 ῖῗῖὲῗῖῖἷί
1983 1296 2769 1468 ιῗὲἶὶωῗθξῗωέἓζὴίἓθ

601 1488 968 1568 sabantur
1017 1489 1115 1565 ab
1147 1473 1719 1567 Hellenotamiis
1769 1491 2028 1566 decem
2081 1465 2479 1592 quotannis
2529 1421 2764 1582 sfrte,

591 1591 679 1661 ut
723 1586 1047 1681 videtur,
1113 1593 1389 1665 creatis
1416 1589 1507 1685 ⁵),
1593 1615 1962 1691 quumque
2029 1586 2124 1674 ab
2191 1591 2407 1661 initio
2472 1590 2601 1661 uni
2648 1593 2764 1663 rei

590 1686 893 1759 militari
960 1685 1057 1759 ad
1116 1685 1320 1763 bella
1385 1690 1807 1760 communia
1871 1688 2141 1761 contra
2214 1681 2596 1759 barbaros
2646 1689 2761 1759 in-

592 1787 786 1859 sumi
837 1782 1312 1880 debuissent,
1348 1805 1351 1808 ·
1385 1810 1571 1857 mox
1619 1791 1868 1864 tamen
1916 1783 2416 1866 Athenienses
2464 1778 2581 1855 his
2631 1809 2761 1881 pe-

591 1883 828 1961 cuniis
900 1882 1257 1980 tanquam
1320 1886 1479 1956 suis
1544 1884 1653 1955 uti
1715 1888 2130 1981 coeperunt
2193 1878 2311 1952 vel
2373 1876 2469 1953 ad
2530 1904 2761 1954 exor-

583 1977 909 2051 nandam
935 1978 1200 2054 urbem
1229 1977 1590 2052 aedificiis
1620 1982 1954 2080 artisque
1985 2005 2031 2051 o
2090 1975 2366 2068 eribus,
2401 1975 2519 2051 vel
2536 1977 2629 2050 ad
2647 1975 2758 2049 fe-

582 2077 872 2151 storum
904 2080 1344 2174 apparatum
1369 2074 1969 2177 largitionesque
1999 2005 2387 2148 tgeoricas
2416 2077 2512 2169 6).
2568 2076 2759 2147 Post

584 2171 976 2247 Euclidem
1026 2172 1622 2247 Hellenotamiae
1672 2197 1825 2246 uon
1877 2174 2238 2269 restituti;
2304 2169 2440 2246 sed
2493 2197 2756 2245 eornm

578 2270 754 2344 loco
808 2268 1316 2344 theoricorum
1364 2272 1761 2344 curatores
1813 2272 2074 2365 creati,
2145 2271 2409 2371 hisque
2458 2270 2749 2342 tantum

576 2368 976 2467 potestatis
1058 2366 1155 2441 ab
1237 2365 1456 2441 avida
1520 2368 1638 2439 lar
1697 2370 2008 2441 itionum
2066 2363 2290 2466 plebe
2362 2363 2751 2459 tributum,

576 2473 661 2541 ut
728 2464 1130 2565 aliquando
1200 2466 1422 2540 etiam
1484 2394 2018 2564 apoffectarum
2070 2469 2148 2540 et
2197 2461 2749 2539 contrarotnla-

554 2567 796 2657 toris,
849 2566 1008 2636 eius
1058 2566 1186 2664 qui
1235 2564 1626 2664 quaestori
1671 2572 1784 2653 τῆς
1826 2566 2187 2643 &sonnio-ems·
2235 2567 2587 2662 tauquam
2620 2587 2748 2635 cu-

574 2669 738 2738 stos
830 2667 1225 2761 appositus
1305 2661 1473 2733 erat
1497 2661 1588 2753 ⁷),
1698 2657 2137 2731 muneribus
2221 2657 2747 2758 fungerentur,

572 2784 885 2858 operum
926 2757 1414 2857 ,publicorum
1468 2781 1722 2829 curam
1783 2757 2181 2854 gererent,
2269 2782 2560 2830 omnem
2610 2754 2742 2830 de-

566 2861 645 2931 ni
702 2886 796 2932 ue
856 2862 969 2928 rei
1029 2856 1512 2953 pecuniariae
1583 2853 2311 2929 administrationem
2377 2852 2540 2928 sere
2591 2851 2740 2928 soli

562 2957 663 3032 ha
721 2957 936 3033 erent
967 2953 1057 3048 ⁸).
1124 2970 1129 2978 ·

1366 3116 1429 3188 §.
1477 3097 1904 3173 LXXVIII.

755 3188 1369 3314 Extraordinarii
1417 3230 1707 3306 reditus
1756 3228 2369 3330 percipiebantur
2414 3206 2731 3330 primum

563 3366 606 3416 e
663 3335 955 3440 praeda
1015 3332 1297 3408 bellica
1357 3334 1435 3404 in
1498 3326 1884 3428 publicum
1948 3327 2262 3402 redacta
2327 3337 2553 3430 atque
2621 3329 2733 3402 di-

700 3560 766 3632 4)
804 3562 1144 3632 Harpocrat.
1182 3574 1230 3610 s.
1265 3574 1326 3609 τ.
1362 3553 1627 3618 συντάξεις.
1703 3551 2003 3607 Wichers.
2044 3553 2116 3607 ad
2156 3552 2515 3625 Theopomp.
2552 3551 2626 3606 fr.
2664 3570 2726 3676 Ξ.

555 3635 643 3690 78.
692 3636 814 3690 171.
902 3635 1142 3686 Tamen.
1177 3629 1347 3682 etiam
1391 3627 1573 3702 φόρων
1620 3644 1832 3681 nomen
1878 3644 2079 3679 rursus
2126 3635 2480 3697 usurpatum.
2580 3625 2662 3676 vi
2703 3658 2720 3677 .

551 3706 809 3762 Boeckh.
844 3725 903 3778 p.
940 3706 1046 3759 451
1085 3720 1171 3776 sq.

694 3811 760 3885 5)
798 3809 1054 3867 Boeckh.
1090 3811 1122 3863 1
1156 3828 1213 3881 p.
1254 3805 1552 3862 189-193-

689 3917 754 3991 6)
803 3922 876 3974 In
920 3918 1296 3988 inscriptione
1346 3919 1445 3967 no.
1497 3914 1600 3967 147
1635 3911 2077 3967 Hellenotamiis
2123 3911 2397 3983 pecunias
2430 3908 2721 3961 numerari

547 3993 811 4047 videmus
863 4009 1038 4061 quum
1082 3992 1144 4041 in
1192 3987 1407 4040 cibaria
1451 3987 1736 4059 equitatus
1781 3992 1903 4040 tum
1938 3987 2003 4039 in
2040 3981 2367 4038 dioboliam.
2440 3980 2533 4035 ef.
2570 3998 2723 4052 supr.

545 4065 602 4134 ς.
643 4066 733 4132 69,
768 4064 819 4118 s.
858 4064 944 4129 72,
980 4064 1040 4115 3.
1470 4084 1478 4097 ·

688 4166 752 4238 7)
791 4167 928 4222 vid.
966 4184 1120 4240 supr.
1159 4186 1206 4221 ο.
1242 4166 1279 4221 5
1314 4165 1369 4236 ξ.
1403 4164 1494 4221 44.

684 4276 745 4344 8)
782 4275 1050 4330 Aeschin.
1084 4278 1145 4328 in
1183 4271 1438 4345 Ctesiph-
1473 4290 1531 4344 Ρ.
1567 4264 1675 4326 417
1710 4288 1798 4343 sq.
1869 4271 1942 4325 In
1977 4270 2139 4323 univ.
2179 4266 2250 4322 cf.
2288 4263 2548 4321 Boeckh.
2586 4265 2619 4322 1
2655 4282 2715 4337 Ρ.

438 4322 441 4327 ’
540 4347 845 4406 loe-198.
