<?xml version="1.0" encoding="UTF-8"?>
<!DOCTYPE html PUBLIC "-//W3C//DTD XHTML 1.0 Transitional//EN"
    "http://www.w3.org/TR/xhtml1/DTD/xhtml1-transitional.dtd">
<html xmlns="http://www.w3.org/1999/xhtml" xml:lang="en" lang="en">
 <head>
  <title>
</title>
<meta http-equiv="Content-Type" content="text/html;charset=utf-8" />
  <meta name='ocr-system' content='tesseract 3.04.00' />
  <meta name='ocr-capabilities' content='ocr_page ocr_carea ocr_par ocr_line ocrx_word'/>
</head>
<body>
  <div class='ocr_page' id='page_1' title='image "antiquitatesiur00schgoog_0102.png"; bbox 0 0 3067 4975; ppageno 0'>
   <div class='ocr_carea' id='block_1_1' title="bbox 636 347 2538 453">
    <p class='ocr_par' dir='ltr' id='par_1_1' title="bbox 636 347 2538 453">
     <span class='ocr_line' id='line_1_1' title="bbox 636 347 2538 453; baseline -0.002 -25"><span class='ocrx_word' id='word_1_1' title='bbox 636 355 737 428; x_wconf 82' lang='lat'><strong>92</strong></span> <span class='ocrx_word' id='word_1_2' title='bbox 900 348 1057 431; x_wconf 88' lang='lat' dir='ltr'><strong>III</strong></span> <span class='ocrx_word' id='word_1_3' title='bbox 1050 403 1074 426; x_wconf 84' lang='lat'><strong>.</strong></span> <span class='ocrx_word' id='word_1_4' title='bbox 1141 347 1263 426; x_wconf 76' lang='lat' dir='ltr'><strong>De</strong></span> <span class='ocrx_word' id='word_1_5' title='bbox 1311 349 1535 424; x_wconf 72' lang='lat' dir='ltr'><strong>rebus</strong></span> <span class='ocrx_word' id='word_1_6' title='bbox 1571 347 1904 453; x_wconf 56' lang='lat' dir='ltr'><strong>pumat-22³</strong></span> <span class='ocrx_word' id='word_1_7' title='bbox 1953 351 2038 426; x_wconf 67' lang='lat' dir='ltr'><strong>in</strong></span> <span class='ocrx_word' id='word_1_8' title='bbox 2084 352 2538 429; x_wconf 68' lang='lat' dir='ltr'><strong>unv’verwm.</strong></span> 
     </span>
    </p>
   </div>
   <div class='ocr_carea' id='block_1_2' title="bbox 542 529 2890 2765">
    <p class='ocr_par' dir='ltr' id='par_1_2' title="bbox 630 529 2809 1019">
     <span class='ocr_line' id='line_1_2' title="bbox 630 529 2806 635; baseline 0.001 -26"><span class='ocrx_word' id='word_1_9' title='bbox 630 530 834 609; x_wconf 81' lang='lat' dir='ltr'><strong>blica</strong></span> <span class='ocrx_word' id='word_1_10' title='bbox 881 531 1206 630; x_wconf 79' lang='lat' dir='ltr'><strong>gloriam</strong></span> <span class='ocrx_word' id='word_1_11' title='bbox 1263 529 1517 631; x_wconf 85' lang='lat' dir='ltr'><strong>adepti</strong></span> <span class='ocrx_word' id='word_1_12' title='bbox 1566 531 1745 606; x_wconf 88' lang='lat' dir='ltr'><strong>sunt</strong></span> <span class='ocrx_word' id='word_1_13' title='bbox 1773 531 1863 631; x_wconf 86' lang='lat'><strong>¹).</strong></span> <span class='ocrx_word' id='word_1_14' title='bbox 1964 535 2103 608; x_wconf 80' lang='lat' dir='ltr'><strong>His</strong></span> <span class='ocrx_word' id='word_1_15' title='bbox 2153 534 2374 609; x_wconf 89' lang='lat' dir='ltr'><strong>etiam</strong></span> <span class='ocrx_word' id='word_1_16' title='bbox 2425 535 2806 635; x_wconf 82' lang='lat' dir='ltr'><strong>Epimeni-</strong></span> 
     </span>
     <span class='ocr_line' id='line_1_3' title="bbox 633 627 2804 733; baseline 0.001 -27"><span class='ocrx_word' id='word_1_17' title='bbox 633 629 772 706; x_wconf 87' lang='lat' dir='ltr'><strong>des</strong></span> <span class='ocrx_word' id='word_1_18' title='bbox 837 632 1224 703; x_wconf 84' lang='lat' dir='ltr'><strong>Cretensis</strong></span> <span class='ocrx_word' id='word_1_19' title='bbox 1285 627 1800 703; x_wconf 86' lang='lat' dir='ltr'><strong>accensendus</strong></span> <span class='ocrx_word' id='word_1_20' title='bbox 1864 636 2016 724; x_wconf 90' lang='lat' dir='ltr'><strong>est,</strong></span> <span class='ocrx_word' id='word_1_21' title='bbox 2101 635 2225 733; x_wconf 88' lang='lat' dir='ltr'><strong>qui</strong></span> <span class='ocrx_word' id='word_1_22' title='bbox 2289 630 2652 707; x_wconf 88' lang='lat' dir='ltr'><strong>Solonem</strong></span> <span class='ocrx_word' id='word_1_23' title='bbox 2726 639 2804 709; x_wconf 92' lang='lat' dir='ltr'><strong>in</strong></span> 
     </span>
     <span class='ocr_line' id='line_1_4' title="bbox 634 723 2809 807; baseline 0.001 -5"><span class='ocrx_word' id='word_1_24' title='bbox 634 724 1053 803; x_wconf 88' lang='lat' dir='ltr'><strong>ordinanda</strong></span> <span class='ocrx_word' id='word_1_25' title='bbox 1100 723 1666 799; x_wconf 74' lang='lat' dir='ltr'><strong>Atheniensium</strong></span> <span class='ocrx_word' id='word_1_26' title='bbox 1718 751 1803 801; x_wconf 90' lang='lat' dir='ltr'><strong>re</strong></span> <span class='ocrx_word' id='word_1_27' title='bbox 1906 726 2159 802; x_wconf 86' lang='lat' dir='ltr'><strong>uhlica</strong></span> <span class='ocrx_word' id='word_1_28' title='bbox 2210 732 2664 805; x_wconf 83' lang='lat' dir='ltr'><strong>auctoritate</strong></span> <span class='ocrx_word' id='word_1_29' title='bbox 2731 734 2809 807; x_wconf 91' lang='lat' dir='ltr'><strong>et</strong></span> 
     </span>
     <span class='ocr_line' id='line_1_5' title="bbox 634 821 2808 918; baseline 0.002 -19"><span class='ocrx_word' id='word_1_30' title='bbox 634 823 973 899; x_wconf 90' lang='lat' dir='ltr'><strong>consiliis</strong></span> <span class='ocrx_word' id='word_1_31' title='bbox 1021 848 1174 897; x_wconf 94' lang='lat' dir='ltr'><strong>non</strong></span> <span class='ocrx_word' id='word_1_32' title='bbox 1227 821 1713 896; x_wconf 75' lang='lat' dir='ltr'><strong>mediocriter</strong></span> <span class='ocrx_word' id='word_1_33' title='bbox 1775 850 1820 897; x_wconf 94' lang='lat' dir='ltr'><strong>a</strong></span> <span class='ocrx_word' id='word_1_34' title='bbox 1877 827 2147 901; x_wconf 80' lang='lat' dir='ltr'><strong>iuvisse</strong></span> <span class='ocrx_word' id='word_1_35' title='bbox 2210 824 2480 900; x_wconf 85' lang='lat' dir='ltr'><strong>dicitur</strong></span> <span class='ocrx_word' id='word_1_36' title='bbox 2508 829 2615 918; x_wconf 85' lang='lat'><strong>²),</strong></span> <span class='ocrx_word' id='word_1_37' title='bbox 2678 855 2808 903; x_wconf 90' lang='lat' dir='ltr'><strong>ne·</strong></span> 
     </span>
     <span class='ocr_line' id='line_1_6' title="bbox 686 921 2804 1019; baseline 0.002 -23"><span class='ocrx_word' id='word_1_38' title='bbox 686 948 779 996; x_wconf 89' lang='lat' dir='ltr'><strong>ue</strong></span> <span class='ocrx_word' id='word_1_39' title='bbox 831 923 1072 994; x_wconf 91' lang='lat' dir='ltr'><strong>minus</strong></span> <span class='ocrx_word' id='word_1_40' title='bbox 1120 923 1199 1014; x_wconf 92' lang='lat' dir='ltr'><strong>ii,</strong></span> <span class='ocrx_word' id='word_1_41' title='bbox 1315 945 1582 992; x_wconf 90' lang='lat' dir='ltr'><strong>uorum</strong></span> <span class='ocrx_word' id='word_1_42' title='bbox 1648 945 1881 1018; x_wconf 86' lang='lat' dir='ltr'><strong>supra</strong></span> <span class='ocrx_word' id='word_1_43' title='bbox 1949 925 2400 996; x_wconf 77' lang='lat' dir='ltr'><strong>mentionem</strong></span> <span class='ocrx_word' id='word_1_44' title='bbox 2465 921 2804 1019; x_wconf 81' lang='lat' dir='ltr'><strong>fecimus,</strong></span> 
     </span>
    </p>

    <p class='ocr_par' dir='ltr' id='par_1_3' title="bbox 542 1013 2890 2765">
     <span class='ocr_line' id='line_1_7' title="bbox 705 1013 2806 1120; baseline 0.001 -27"><span class='ocrx_word' id='word_1_45' title='bbox 705 1018 1011 1093; x_wconf 88' lang='lat' dir='ltr'><strong>aleucus</strong></span> <span class='ocrx_word' id='word_1_46' title='bbox 1089 1020 1167 1092; x_wconf 90' lang='lat' dir='ltr'><strong>et</strong></span> <span class='ocrx_word' id='word_1_47' title='bbox 1230 1019 1292 1091; x_wconf 78' lang='lat' dir='ltr'><strong>C·</strong></span> <span class='ocrx_word' id='word_1_48' title='bbox 1351 1013 1719 1108; x_wconf 84' lang='lat' dir='ltr'><strong>arondas,</strong></span> <span class='ocrx_word' id='word_1_49' title='bbox 1799 1017 2073 1118; x_wconf 86' lang='lat' dir='ltr'><strong>aliique</strong></span> <span class='ocrx_word' id='word_1_50' title='bbox 2155 1018 2412 1116; x_wconf 88' lang='lat' dir='ltr'><strong>plures</strong></span> <span class='ocrx_word' id='word_1_51' title='bbox 2484 1046 2806 1120; x_wconf 84' lang='lat' dir='ltr'><strong>quorum</strong></span> 
     </span>
     <span class='ocr_line' id='line_1_8' title="bbox 634 1110 2804 1214; baseline 0 -23"><span class='ocrx_word' id='word_1_52' title='bbox 634 1116 1038 1191; x_wconf 90' lang='lat' dir='ltr'><strong>ohscurior</strong></span> <span class='ocrx_word' id='word_1_53' title='bbox 1086 1112 1288 1187; x_wconf 84' lang='lat' dir='ltr'><strong>fama</strong></span> <span class='ocrx_word' id='word_1_54' title='bbox 1338 1115 1457 1188; x_wconf 91' lang='lat' dir='ltr'><strong>est</strong></span> <span class='ocrx_word' id='word_1_55' title='bbox 1483 1115 1574 1205; x_wconf 88' lang='grc'><strong>3).</strong></span> <span class='ocrx_word' id='word_1_56' title='bbox 1655 1115 1991 1214; x_wconf 81' lang='lat' dir='ltr'><strong>Insignis</strong></span> <span class='ocrx_word' id='word_1_57' title='bbox 2043 1120 2290 1188; x_wconf 87' lang='lat' dir='ltr'><strong>autem</strong></span> <span class='ocrx_word' id='word_1_58' title='bbox 2343 1120 2418 1189; x_wconf 92' lang='lat' dir='ltr'><strong>in</strong></span> <span class='ocrx_word' id='word_1_59' title='bbox 2472 1110 2613 1190; x_wconf 81' lang='lat' dir='ltr'><strong>hoc</strong></span> <span class='ocrx_word' id='word_1_60' title='bbox 2644 1123 2804 1191; x_wconf 91' lang='lat' dir='ltr'><strong>stu-</strong></span> 
     </span>
     <span class='ocr_line' id='line_1_9' title="bbox 584 1208 2804 1312; baseline 0 -25"><span class='ocrx_word' id='word_1_61' title='bbox 584 1234 589 1241; x_wconf 81' lang='lat'><strong>·</strong></span> <span class='ocrx_word' id='word_1_62' title='bbox 630 1212 759 1287; x_wconf 90' lang='lat' dir='ltr'><strong>dio</strong></span> <span class='ocrx_word' id='word_1_63' title='bbox 811 1214 1037 1286; x_wconf 88' lang='lat' dir='ltr'><strong>etiam</strong></span> <span class='ocrx_word' id='word_1_64' title='bbox 1084 1209 1570 1311; x_wconf 78' lang='lat' dir='ltr'><strong>Pythagoras</strong></span> <span class='ocrx_word' id='word_1_65' title='bbox 1619 1208 1783 1302; x_wconf 84' lang='lat' dir='ltr'><strong>fuit,</strong></span> <span class='ocrx_word' id='word_1_66' title='bbox 1835 1215 1961 1311; x_wconf 88' lang='lat' dir='ltr'><strong>qui</strong></span> <span class='ocrx_word' id='word_1_67' title='bbox 2013 1238 2234 1312; x_wconf 90' lang='lat' dir='ltr'><strong>quum</strong></span> <span class='ocrx_word' id='word_1_68' title='bbox 2284 1211 2430 1286; x_wconf 89' lang='lat' dir='ltr'><strong>sibi</strong></span> <span class='ocrx_word' id='word_1_69' title='bbox 2487 1240 2804 1312; x_wconf 87' lang='lat' dir='ltr'><strong>persua-</strong></span> 
     </span>
     <span class='ocr_line' id='line_1_10' title="bbox 628 1306 2802 1410; baseline 0 -25"><span class='ocrx_word' id='word_1_70' title='bbox 628 1314 878 1402; x_wconf 82' lang='lat' dir='ltr'><strong>sisset,</strong></span> <span class='ocrx_word' id='word_1_71' title='bbox 929 1333 1094 1382; x_wconf 86' lang='lat' dir='ltr'><strong>eam</strong></span> <span class='ocrx_word' id='word_1_72' title='bbox 1147 1311 1502 1406; x_wconf 78' lang='lat' dir='ltr'><strong>optimam</strong></span> <span class='ocrx_word' id='word_1_73' title='bbox 1556 1333 1723 1381; x_wconf 89' lang='lat' dir='ltr'><strong>esse</strong></span> <span class='ocrx_word' id='word_1_74' title='bbox 1773 1333 1932 1382; x_wconf 87' lang='lat' dir='ltr'><strong>rem</strong></span> <span class='ocrx_word' id='word_1_75' title='bbox 1985 1306 2406 1407; x_wconf 85' lang='lat' dir='ltr'><strong>publicam,</strong></span> <span class='ocrx_word' id='word_1_76' title='bbox 2474 1336 2665 1410; x_wconf 87' lang='lat' dir='ltr'><strong>quae</strong></span> <span class='ocrx_word' id='word_1_77' title='bbox 2726 1316 2802 1385; x_wconf 92' lang='lat' dir='ltr'><strong>in</strong></span> 
     </span>
     <span class='ocr_line' id='line_1_11' title="bbox 624 1406 2803 1507; baseline 0 -26"><span class='ocrx_word' id='word_1_78' title='bbox 624 1408 1007 1507; x_wconf 82' lang='lat' dir='ltr'><strong>potestate</strong></span> <span class='ocrx_word' id='word_1_79' title='bbox 1071 1406 1278 1478; x_wconf 88' lang='lat' dir='ltr'><strong>esset</strong></span> <span class='ocrx_word' id='word_1_80' title='bbox 1354 1406 1842 1502; x_wconf 87' lang='lat' dir='ltr'><strong>optimorum,</strong></span> <span class='ocrx_word' id='word_1_81' title='bbox 1923 1410 2251 1503; x_wconf 89' lang='lat' dir='ltr'><strong>optimos</strong></span> <span class='ocrx_word' id='word_1_82' title='bbox 2326 1415 2572 1480; x_wconf 86' lang='lat' dir='ltr'><strong>autem</strong></span> <span class='ocrx_word' id='word_1_83' title='bbox 2648 1435 2803 1482; x_wconf 92' lang='lat' dir='ltr'><strong>non</strong></span> 
     </span>
     <span class='ocr_line' id='line_1_12' title="bbox 542 1499 2805 1604; baseline -0 -24"><span class='ocrx_word' id='word_1_84' title='bbox 542 1574 547 1579; x_wconf 89' lang='lat'>.</span> <span class='ocrx_word' id='word_1_85' title='bbox 621 1528 912 1604; x_wconf 79' lang='lat' dir='ltr'><strong>genere</strong></span> <span class='ocrx_word' id='word_1_86' title='bbox 963 1504 1093 1574; x_wconf 89' lang='lat' dir='ltr'><strong>aut</strong></span> <span class='ocrx_word' id='word_1_87' title='bbox 1144 1500 1454 1592; x_wconf 76' lang='lat' dir='ltr'><strong>divitiiS,</strong></span> <span class='ocrx_word' id='word_1_88' title='bbox 1523 1499 1658 1576; x_wconf 91' lang='lat' dir='ltr'><strong>sed</strong></span> <span class='ocrx_word' id='word_1_89' title='bbox 1722 1505 2000 1575; x_wconf 82' lang='lat' dir='ltr'><strong>virtute</strong></span> <span class='ocrx_word' id='word_1_90' title='bbox 2070 1507 2148 1577; x_wconf 86' lang='lat' dir='ltr'><strong>et</strong></span> <span class='ocrx_word' id='word_1_91' title='bbox 2204 1506 2571 1602; x_wconf 79' lang='lat' dir='ltr'><strong>sapientia</strong></span> <span class='ocrx_word' id='word_1_92' title='bbox 2634 1531 2805 1579; x_wconf 90' lang='lat' dir='ltr'><strong>cen-</strong></span> 
     </span>
     <span class='ocr_line' id='line_1_13' title="bbox 624 1594 2800 1700; baseline -0 -24"><span class='ocrx_word' id='word_1_93' title='bbox 624 1599 934 1690; x_wconf 89' lang='lat' dir='ltr'><strong>sendos,</strong></span> <span class='ocrx_word' id='word_1_94' title='bbox 975 1597 1501 1672; x_wconf 79' lang='lat' dir='ltr'><strong>adolescentes</strong></span> <span class='ocrx_word' id='word_1_95' title='bbox 1527 1597 1793 1672; x_wconf 89' lang='lat' dir='ltr'><strong>ltaliae</strong></span> <span class='ocrx_word' id='word_1_96' title='bbox 1828 1594 2341 1673; x_wconf 88' lang='lat' dir='ltr'><strong>nobilissimos</strong></span> <span class='ocrx_word' id='word_1_97' title='bbox 2377 1625 2596 1699; x_wconf 86' lang='lat' dir='ltr'><strong>quam</strong></span> <span class='ocrx_word' id='word_1_98' title='bbox 2631 1600 2800 1700; x_wconf 91' lang='lat' dir='ltr'><strong>plu-</strong></span> 
     </span>
     <span class='ocr_line' id='line_1_14' title="bbox 617 1692 2798 1797; baseline -0.001 -24"><span class='ocrx_word' id='word_1_99' title='bbox 617 1701 856 1774; x_wconf 85' lang='lat' dir='ltr'><strong>rimos</strong></span> <span class='ocrx_word' id='word_1_100' title='bbox 881 1692 1029 1771; x_wconf 90' lang='lat' dir='ltr'><strong>sihi</strong></span> <span class='ocrx_word' id='word_1_101' title='bbox 1060 1692 1510 1787; x_wconf 85' lang='lat' dir='ltr'><strong>conciliavit,</strong></span> <span class='ocrx_word' id='word_1_102' title='bbox 1565 1720 1759 1794; x_wconf 83' lang='lat' dir='ltr'><strong>quos</strong></span> <span class='ocrx_word' id='word_1_103' title='bbox 1802 1721 2023 1796; x_wconf 87' lang='lat' dir='ltr'><strong>quum</strong></span> <span class='ocrx_word' id='word_1_104' title='bbox 2065 1694 2455 1795; x_wconf 86' lang='lat' dir='ltr'><strong>disciplina</strong></span> <span class='ocrx_word' id='word_1_105' title='bbox 2481 1704 2555 1771; x_wconf 87' lang='lat' dir='ltr'><strong>et</strong></span> <span class='ocrx_word' id='word_1_106' title='bbox 2578 1724 2798 1797; x_wconf 88' lang='lat' dir='ltr'><strong>prae-</strong></span> 
     </span>
     <span class='ocr_line' id='line_1_15' title="bbox 623 1789 2799 1895; baseline 0 -27"><span class='ocrx_word' id='word_1_107' title='bbox 623 1797 865 1895; x_wconf 86' lang='lat' dir='ltr'><strong>ceptis</strong></span> <span class='ocrx_word' id='word_1_108' title='bbox 916 1793 1012 1866; x_wconf 91' lang='lat' dir='ltr'><strong>ad</strong></span> <span class='ocrx_word' id='word_1_109' title='bbox 1064 1817 1358 1865; x_wconf 91' lang='lat' dir='ltr'><strong>omnem</strong></span> <span class='ocrx_word' id='word_1_110' title='bbox 1411 1789 1699 1863; x_wconf 84' lang='lat' dir='ltr'><strong>civilem</strong></span> <span class='ocrx_word' id='word_1_111' title='bbox 1752 1789 2296 1894; x_wconf 86' lang='lat' dir='ltr'><strong>humanamque</strong></span> <span class='ocrx_word' id='word_1_112' title='bbox 2325 1796 2670 1867; x_wconf 82' lang='lat' dir='ltr'><strong>virtutem</strong></span> <span class='ocrx_word' id='word_1_113' title='bbox 2721 1799 2799 1869; x_wconf 91' lang='lat' dir='ltr'><strong>et</strong></span> 
     </span>
     <span class='ocr_line' id='line_1_16' title="bbox 619 1886 2795 1990; baseline -0 -24"><span class='ocrx_word' id='word_1_114' title='bbox 619 1894 1064 1990; x_wconf 88' lang='lat' dir='ltr'><strong>sapientiam</strong></span> <span class='ocrx_word' id='word_1_115' title='bbox 1113 1886 1637 1980; x_wconf 72' lang='lat' dir='ltr'><strong>informasset,</strong></span> <span class='ocrx_word' id='word_1_116' title='bbox 1704 1895 1973 1961; x_wconf 84' lang='lat' dir='ltr'><strong>auctor</strong></span> <span class='ocrx_word' id='word_1_117' title='bbox 2030 1894 2123 1962; x_wconf 92' lang='lat' dir='ltr'><strong>iis</strong></span> <span class='ocrx_word' id='word_1_118' title='bbox 2185 1888 2328 1962; x_wconf 81' lang='lat' dir='ltr'><strong>suit</strong></span> <span class='ocrx_word' id='word_1_119' title='bbox 2386 1894 2497 1963; x_wconf 90' lang='lat' dir='ltr'><strong>rei</strong></span> <span class='ocrx_word' id='word_1_120' title='bbox 2547 1888 2795 1990; x_wconf 88' lang='lat' dir='ltr'><strong>puhli-</strong></span> 
     </span>
     <span class='ocr_line' id='line_1_17' title="bbox 618 1983 2798 2086; baseline 0 -25"><span class='ocrx_word' id='word_1_121' title='bbox 618 2014 753 2061; x_wconf 86' lang='lat' dir='ltr'><strong>cae</strong></span> <span class='ocrx_word' id='word_1_122' title='bbox 806 1984 1342 2086; x_wconf 87' lang='lat' dir='ltr'><strong>capessendae,</strong></span> <span class='ocrx_word' id='word_1_123' title='bbox 1391 1983 1840 2084; x_wconf 86' lang='lat' dir='ltr'><strong>plurimique</strong></span> <span class='ocrx_word' id='word_1_124' title='bbox 1891 2011 2151 2059; x_wconf 91' lang='lat' dir='ltr'><strong>eorum</strong></span> <span class='ocrx_word' id='word_1_125' title='bbox 2187 1985 2393 2060; x_wconf 83' lang='lat' dir='ltr'><strong>hrevi</strong></span> <span class='ocrx_word' id='word_1_126' title='bbox 2431 1994 2798 2085; x_wconf 89' lang='lat' dir='ltr'><strong>tempore,</strong></span> 
     </span>
     <span class='ocr_line' id='line_1_18' title="bbox 622 2084 2795 2186; baseline 0 -28"><span class='ocrx_word' id='word_1_127' title='bbox 622 2110 844 2186; x_wconf 88' lang='lat' dir='ltr'><strong>quum</strong></span> <span class='ocrx_word' id='word_1_128' title='bbox 897 2084 1270 2158; x_wconf 88' lang='lat' dir='ltr'><strong>communi</strong></span> <span class='ocrx_word' id='word_1_129' title='bbox 1322 2107 1584 2156; x_wconf 90' lang='lat' dir='ltr'><strong>omnes</strong></span> <span class='ocrx_word' id='word_1_130' title='bbox 1635 2086 1952 2156; x_wconf 85' lang='lat' dir='ltr'><strong>consilio</strong></span> <span class='ocrx_word' id='word_1_131' title='bbox 2005 2087 2570 2183; x_wconf 84' lang='lat' dir='ltr'><strong>coniunctisque</strong></span> <span class='ocrx_word' id='word_1_132' title='bbox 2633 2089 2795 2185; x_wconf 89' lang='lat' dir='ltr'><strong>opi-</strong></span> 
     </span>
     <span class='ocr_line' id='line_1_19' title="bbox 611 2180 2793 2281; baseline 0 -25"><span class='ocrx_word' id='word_1_133' title='bbox 611 2180 781 2256; x_wconf 69' lang='lat' dir='ltr'><strong>bus·</strong></span> <span class='ocrx_word' id='word_1_134' title='bbox 828 2182 1187 2279; x_wconf 84' lang='lat' dir='ltr'><strong>agerent,</strong></span> <span class='ocrx_word' id='word_1_135' title='bbox 1269 2203 1574 2252; x_wconf 87' lang='lat' dir='ltr'><strong>suarum</strong></span> <span class='ocrx_word' id='word_1_136' title='bbox 1688 2182 1910 2278; x_wconf 85' lang='lat' dir='ltr'><strong>uique</strong></span> <span class='ocrx_word' id='word_1_137' title='bbox 1973 2183 2351 2253; x_wconf 79' lang='lat' dir='ltr'><strong>civit-alum</strong></span> <span class='ocrx_word' id='word_1_138' title='bbox 2410 2184 2793 2281; x_wconf 88' lang='lat' dir='ltr'><strong>principes</strong></span> 
     </span>
     <span class='ocr_line' id='line_1_20' title="bbox 615 2274 2792 2377; baseline -0 -23"><span class='ocrx_word' id='word_1_139' title='bbox 615 2279 1055 2354; x_wconf 43' lang='lat' dir='ltr'><strong>factissunt.</strong></span> <span class='ocrx_word' id='word_1_140' title='bbox 1155 2277 1251 2349; x_wconf 83' lang='lat' dir='ltr'><strong>Hi</strong></span> <span class='ocrx_word' id='word_1_141' title='bbox 1304 2274 1629 2376; x_wconf 83' lang='lat' dir='ltr'><strong>aliquam</strong></span> <span class='ocrx_word' id='word_1_142' title='bbox 1683 2278 1761 2347; x_wconf 88' lang='lat' dir='ltr'><strong>iu</strong></span> <span class='ocrx_word' id='word_1_143' title='bbox 1825 2302 1980 2349; x_wconf 87' lang='lat' dir='ltr'><strong>rem</strong></span> <span class='ocrx_word' id='word_1_144' title='bbox 2043 2275 2415 2376; x_wconf 80' lang='lat' dir='ltr'><strong>publicam</strong></span> <span class='ocrx_word' id='word_1_145' title='bbox 2477 2282 2792 2377; x_wconf 80' lang='lat' dir='ltr'><strong>egregie</strong></span> 
     </span>
     <span class='ocr_line' id='line_1_21' title="bbox 620 2369 2795 2470; baseline -0.001 -19"><span class='ocrx_word' id='word_1_146' title='bbox 620 2376 1276 2466; x_wconf 84' lang='lat' dir='ltr'><strong>administrarunt,</strong></span> <span class='ocrx_word' id='word_1_147' title='bbox 1341 2371 1585 2444; x_wconf 90' lang='lat' dir='ltr'><strong>donec</strong></span> <span class='ocrx_word' id='word_1_148' title='bbox 1642 2369 2016 2470; x_wconf 85' lang='lat' dir='ltr'><strong>gliscente</strong></span> <span class='ocrx_word' id='word_1_149' title='bbox 2079 2378 2343 2449; x_wconf 87' lang='lat' dir='ltr'><strong>ineos</strong></span> <span class='ocrx_word' id='word_1_150' title='bbox 2392 2373 2664 2447; x_wconf 83' lang='lat' dir='ltr'><strong>invidia</strong></span> <span class='ocrx_word' id='word_1_151' title='bbox 2716 2378 2795 2450; x_wconf 90' lang='lat' dir='ltr'><strong>et</strong></span> 
     </span>
     <span class='ocr_line' id='line_1_22' title="bbox 619 2467 2789 2568; baseline -0.001 -18"><span class='ocrx_word' id='word_1_152' title='bbox 619 2472 1229 2550; x_wconf 85' lang='lat' dir='ltr'><strong>adversariorum</strong></span> <span class='ocrx_word' id='word_1_153' title='bbox 1281 2467 1670 2552; x_wconf 89' lang='lat' dir='ltr'><strong>calumniis</strong></span> <span class='ocrx_word' id='word_1_154' title='bbox 1719 2467 1945 2568; x_wconf 85' lang='lat' dir='ltr'><strong>plebe</strong></span> <span class='ocrx_word' id='word_1_155' title='bbox 1994 2473 2307 2544; x_wconf 86' lang='lat' dir='ltr'><strong>incitata</strong></span> <span class='ocrx_word' id='word_1_156' title='bbox 2357 2469 2789 2548; x_wconf 76' lang='lat' dir='ltr'><strong>foedissime</strong></span> 
     </span>
     <span class='ocr_line' id='line_1_23' title="bbox 619 2568 2792 2665; baseline -0.001 -20"><span class='ocrx_word' id='word_1_157' title='bbox 619 2596 880 2645; x_wconf 87' lang='lat' dir='ltr'><strong>omnes</strong></span> <span class='ocrx_word' id='word_1_158' title='bbox 930 2570 1059 2641; x_wconf 86' lang='lat' dir='ltr'><strong>aut</strong></span> <span class='ocrx_word' id='word_1_159' title='bbox 1108 2569 1531 2663; x_wconf 86' lang='lat' dir='ltr'><strong>interempti</strong></span> <span class='ocrx_word' id='word_1_160' title='bbox 1585 2573 1763 2639; x_wconf 79' lang='lat' dir='ltr'><strong>su&#39;ut</strong></span> <span class='ocrx_word' id='word_1_161' title='bbox 1810 2575 1938 2640; x_wconf 85' lang='lat' dir='ltr'><strong>aut</strong></span> <span class='ocrx_word' id='word_1_162' title='bbox 1985 2571 2062 2639; x_wconf 92' lang='lat' dir='ltr'><strong>in</strong></span> <span class='ocrx_word' id='word_1_163' title='bbox 2116 2568 2371 2665; x_wconf 80' lang='lat' dir='ltr'><strong>sugam</strong></span> <span class='ocrx_word' id='word_1_164' title='bbox 2431 2572 2545 2643; x_wconf 87' lang='lat' dir='ltr'><strong>ire</strong></span> <span class='ocrx_word' id='word_1_165' title='bbox 2613 2596 2792 2643; x_wconf 87' lang='lat' dir='ltr'><strong>coa-</strong></span> 
     </span>
     <span class='ocr_line' id='line_1_24' title="bbox 622 2663 2890 2765; baseline 0 -24"><span class='ocrx_word' id='word_1_166' title='bbox 622 2667 862 2765; x_wconf 76' lang='lat' dir='ltr'><strong>cti⁴):</strong></span> <span class='ocrx_word' id='word_1_167' title='bbox 927 2667 1269 2739; x_wconf 78' lang='lat' dir='ltr'><strong>civitates</strong></span> <span class='ocrx_word' id='word_1_168' title='bbox 1334 2669 1584 2737; x_wconf 86' lang='lat' dir='ltr'><strong>autem</strong></span> <span class='ocrx_word' id='word_1_169' title='bbox 1648 2663 1914 2737; x_wconf 87' lang='lat' dir='ltr'><strong>ltaliae</strong></span> <span class='ocrx_word' id='word_1_170' title='bbox 1983 2664 2379 2739; x_wconf 87' lang='lat' dir='ltr'><strong>discordiis</strong></span> <span class='ocrx_word' id='word_1_171' title='bbox 2440 2691 2531 2740; x_wconf 90' lang='lat' dir='ltr'><strong>ac</strong></span> <span class='ocrx_word' id='word_1_172' title='bbox 2591 2666 2790 2741; x_wconf 89' lang='lat' dir='ltr'><strong>sedi·</strong></span> <span class='ocrx_word' id='word_1_173' title='bbox 2883 2751 2890 2760; x_wconf 48' lang='lat'>‚</span> 
     </span>
    </p>
   </div>
   <div class='ocr_carea' id='block_1_3' title="bbox 613 2808 988 2826">
    <p class='ocr_par' dir='ltr' id='par_1_4' title="bbox 613 2808 988 2826">
     <span class='ocr_line' id='line_1_25' title="bbox 613 2808 988 2826; baseline 0 2149"><span class='ocrx_word' id='word_1_174' title='bbox 613 2808 988 2826; x_wconf 95' lang='lat' dir='ltr'><strong> </strong></span> 
     </span>
    </p>
   </div>
   <div class='ocr_carea' id='block_1_4' title="bbox 756 2887 2785 2962">
    <p class='ocr_par' dir='ltr' id='par_1_5' title="bbox 756 2887 2785 2962">
     <span class='ocr_line' id='line_1_26' title="bbox 756 2887 2785 2962; baseline 0 -15"><span class='ocrx_word' id='word_1_175' title='bbox 756 2887 820 2962; x_wconf 88' lang='lat' dir='ltr'><strong>l)</strong></span> <span class='ocrx_word' id='word_1_176' title='bbox 859 2893 1065 2945; x_wconf 82' lang='lat' dir='ltr'><strong>Cicero</strong></span> <span class='ocrx_word' id='word_1_177' title='bbox 1086 2887 1159 2942; x_wconf 83' lang='lat' dir='ltr'><strong>de</strong></span> <span class='ocrx_word' id='word_1_178' title='bbox 1180 2890 1439 2956; x_wconf 79' lang='lat' dir='ltr'><strong>orat-111,</strong></span> <span class='ocrx_word' id='word_1_179' title='bbox 1457 2888 1549 2942; x_wconf 80' lang='lat'><strong>34.</strong></span> <span class='ocrx_word' id='word_1_180' title='bbox 1589 2887 1661 2942; x_wconf 84' lang='lat' dir='ltr'><strong>de</strong></span> <span class='ocrx_word' id='word_1_181' title='bbox 1697 2908 1761 2943; x_wconf 90' lang='lat' dir='ltr'><strong>re</strong></span> <span class='ocrx_word' id='word_1_182' title='bbox 1797 2887 1955 2961; x_wconf 70' lang='lat' dir='ltr'><strong>puhl-</strong></span> <span class='ocrx_word' id='word_1_183' title='bbox 1995 2890 2041 2958; x_wconf 88' lang='lat'><strong>1,</strong></span> <span class='ocrx_word' id='word_1_184' title='bbox 2080 2889 2131 2943; x_wconf 84' lang='lat'><strong>7.</strong></span> <span class='ocrx_word' id='word_1_185' title='bbox 2169 2903 2240 2928; x_wconf 87' lang='grc'>·-·-</span> <span class='ocrx_word' id='word_1_186' title='bbox 2279 2890 2366 2943; x_wconf 85' lang='lat' dir='ltr'><strong>De</strong></span> <span class='ocrx_word' id='word_1_187' title='bbox 2389 2891 2629 2958; x_wconf 86' lang='lat' dir='ltr'><strong>Solone,</strong></span> <span class='ocrx_word' id='word_1_188' title='bbox 2663 2893 2785 2948; x_wconf 78' lang='lat' dir='ltr'><strong>Pit·</strong></span> 
     </span>
    </p>
   </div>
   <div class='ocr_carea' id='block_1_5' title="bbox 3051 303 3062 879">
    <p class='ocr_par' dir='ltr' id='par_1_6' title="bbox 3051 303 3062 879">
     <span class='ocr_line' id='line_1_27' title="bbox 3051 303 3062 879; baseline 0 0"><span class='ocrx_word' id='word_1_189' title='bbox 3051 303 3062 879; x_wconf 95' lang='lat' dir='ltr'><strong> </strong></span> 
     </span>
    </p>
   </div>
   <div class='ocr_carea' id='block_1_6' title="bbox 612 2962 2877 3032">
    <p class='ocr_par' dir='ltr' id='par_1_7' title="bbox 612 2962 2877 3032">
     <span class='ocr_line' id='line_1_28' title="bbox 612 2962 2877 3032; baseline -0 -12"><span class='ocrx_word' id='word_1_190' title='bbox 612 2971 775 3030; x_wconf 66' lang='lat' dir='ltr'><strong>tneo,</strong></span> <span class='ocrx_word' id='word_1_191' title='bbox 821 2962 1140 3018; x_wconf 83' lang='lat' dir='ltr'><strong>Periandro</strong></span> <span class='ocrx_word' id='word_1_192' title='bbox 1192 2962 1522 3015; x_wconf 86' lang='lat' dir='ltr'><strong>testimonia</strong></span> <span class='ocrx_word' id='word_1_193' title='bbox 1569 2978 1883 3029; x_wconf 78' lang='lat' dir='ltr'><strong>congerere</strong></span> <span class='ocrx_word' id='word_1_194' title='bbox 1928 2979 2044 3014; x_wconf 89' lang='lat' dir='ltr'><strong>non</strong></span> <span class='ocrx_word' id='word_1_195' title='bbox 2097 2979 2242 3032; x_wconf 76' lang='lat' dir='ltr'><strong>opus</strong></span> <span class='ocrx_word' id='word_1_196' title='bbox 2293 2968 2397 3019; x_wconf 82' lang='lat' dir='ltr'><strong>est.</strong></span> <span class='ocrx_word' id='word_1_197' title='bbox 2482 2963 2785 3019; x_wconf 77' lang='lat' dir='ltr'><strong>Chilonem</strong></span> <span class='ocrx_word' id='word_1_198' title='bbox 2872 2989 2877 2996; x_wconf 94' lang='lat'><strong>·</strong></span> 
     </span>
    </p>
   </div>
   <div class='ocr_carea' id='block_1_7' title="bbox 599 3033 2785 3665">
    <p class='ocr_par' dir='ltr' id='par_1_8' title="bbox 599 3033 2785 3665">
     <span class='ocr_line' id='line_1_29' title="bbox 613 3033 2785 3109; baseline -0.001 -19"><span class='ocrx_word' id='word_1_199' title='bbox 613 3039 860 3109; x_wconf 70' lang='lat' dir='ltr'><strong>Spartae</strong></span> <span class='ocrx_word' id='word_1_200' title='bbox 899 3035 1174 3107; x_wconf 81' lang='lat' dir='ltr'><strong>ephorum</strong></span> <span class='ocrx_word' id='word_1_201' title='bbox 1212 3033 1696 3086; x_wconf 63' lang='lat' dir='ltr'><strong>fuissonovimus</strong></span> <span class='ocrx_word' id='word_1_202' title='bbox 1734 3052 1766 3086; x_wconf 89' lang='lat' dir='ltr'><strong>e</strong></span> <span class='ocrx_word' id='word_1_203' title='bbox 1802 3035 1972 3102; x_wconf 81' lang='lat' dir='ltr'><strong>Diog.</strong></span> <span class='ocrx_word' id='word_1_204' title='bbox 1996 3033 2250 3100; x_wconf 56' lang='lat' dir='ltr'><strong>Lacu-td,</strong></span> <span class='ocrx_word' id='word_1_205' title='bbox 2286 3034 2322 3087; x_wconf 86' lang='lat'><strong>3</strong></span> <span class='ocrx_word' id='word_1_206' title='bbox 2357 3053 2412 3105; x_wconf 86' lang='grc' dir='ltr'><strong>Ρ.</strong></span> <span class='ocrx_word' id='word_1_207' title='bbox 2449 3037 2521 3089; x_wconf 79' lang='grc'><strong>45</strong></span> <span class='ocrx_word' id='word_1_208' title='bbox 2556 3036 2785 3091; x_wconf 78' lang='lat' dir='ltr'><strong>Huehn.</strong></span> 
     </span>
     <span class='ocr_line' id='line_1_30' title="bbox 613 3103 2783 3179; baseline -0.001 -17"><span class='ocrx_word' id='word_1_209' title='bbox 613 3117 673 3163; x_wconf 80' lang='lat' dir='ltr'><strong>et</strong></span> <span class='ocrx_word' id='word_1_210' title='bbox 707 3108 942 3160; x_wconf 80' lang='lat' dir='ltr'><strong>fuerunt</strong></span> <span class='ocrx_word' id='word_1_211' title='bbox 980 3108 1077 3179; x_wconf 81' lang='lat' dir='ltr'><strong>qui</strong></span> <span class='ocrx_word' id='word_1_212' title='bbox 1119 3103 1456 3177; x_wconf 82' lang='lat' dir='ltr'><strong>ephoratum</strong></span> <span class='ocrx_word' id='word_1_213' title='bbox 1498 3103 1570 3156; x_wconf 87' lang='lat' dir='ltr'><strong>ah</strong></span> <span class='ocrx_word' id='word_1_214' title='bbox 1610 3122 1679 3157; x_wconf 86' lang='lat' dir='ltr'><strong>eo</strong></span> <span class='ocrx_word' id='word_1_215' title='bbox 1719 3106 2037 3156; x_wconf 76' lang='lat' dir='ltr'><strong>institutum</strong></span> <span class='ocrx_word' id='word_1_216' title='bbox 2077 3107 2468 3175; x_wconf 80' lang='lat' dir='ltr'><strong>opinarentur.</strong></span> <span class='ocrx_word' id='word_1_217' title='bbox 2531 3107 2783 3161; x_wconf 81' lang='lat' dir='ltr'><strong>Cleobu-</strong></span> 
     </span>
     <span class='ocr_line' id='line_1_31' title="bbox 608 3174 2781 3249; baseline 0 -16"><span class='ocrx_word' id='word_1_218' title='bbox 608 3179 704 3234; x_wconf 79' lang='lat' dir='ltr'><strong>lus</strong></span> <span class='ocrx_word' id='word_1_219' title='bbox 743 3178 1077 3232; x_wconf 78' lang='lat' dir='ltr'><strong>Lindiornm</strong></span> <span class='ocrx_word' id='word_1_220' title='bbox 1115 3174 1414 3242; x_wconf 76' lang='lat' dir='ltr'><strong>legislator</strong></span> <span class='ocrx_word' id='word_1_221' title='bbox 1452 3180 1509 3227; x_wconf 91' lang='lat' dir='ltr'><strong>et</strong></span> <span class='ocrx_word' id='word_1_222' title='bbox 1545 3183 1832 3245; x_wconf 77' lang='lat' dir='ltr'><strong>tyrannus</strong></span> <span class='ocrx_word' id='word_1_223' title='bbox 1863 3175 1991 3227; x_wconf 81' lang='lat' dir='ltr'><strong>fuit.</strong></span> <span class='ocrx_word' id='word_1_224' title='bbox 2045 3176 2197 3228; x_wconf 76' lang='lat' dir='ltr'><strong>Plut.</strong></span> <span class='ocrx_word' id='word_1_225' title='bbox 2237 3175 2309 3228; x_wconf 83' lang='lat' dir='ltr'><strong>de</strong></span> <span class='ocrx_word' id='word_1_226' title='bbox 2344 3178 2419 3230; x_wconf 79' lang='lat' dir='ltr'><strong>Et</strong></span> <span class='ocrx_word' id='word_1_227' title='bbox 2450 3196 2535 3249; x_wconf 82' lang='lat' dir='ltr'><strong>ap.</strong></span> <span class='ocrx_word' id='word_1_228' title='bbox 2578 3178 2684 3231; x_wconf 88' lang='lat' dir='ltr'><strong>Del</strong></span> <span class='ocrx_word' id='word_1_229' title='bbox 2729 3179 2781 3234; x_wconf 78' lang='lat' dir='ltr'><strong>h.</strong></span> 
     </span>
     <span class='ocr_line' id='line_1_32' title="bbox 611 3246 2780 3320; baseline -0.001 -15"><span class='ocrx_word' id='word_1_230' title='bbox 611 3263 754 3305; x_wconf 68' lang='lat' dir='ltr'><strong>tom.</strong></span> <span class='ocrx_word' id='word_1_231' title='bbox 794 3251 911 3303; x_wconf 78' lang='lat' dir='ltr'><strong>VH</strong></span> <span class='ocrx_word' id='word_1_232' title='bbox 942 3269 997 3320; x_wconf 83' lang='lat' dir='ltr'><strong>p.</strong></span> <span class='ocrx_word' id='word_1_233' title='bbox 1033 3249 1139 3301; x_wconf 78' lang='lat'><strong>514</strong></span> <span class='ocrx_word' id='word_1_234' title='bbox 1175 3249 1337 3300; x_wconf 77' lang='lat' dir='ltr'><strong>Butt.</strong></span> <span class='ocrx_word' id='word_1_235' title='bbox 1376 3246 1567 3301; x_wconf 77' lang='lat' dir='ltr'><strong>clem·</strong></span> <span class='ocrx_word' id='word_1_236' title='bbox 1593 3247 1763 3300; x_wconf 80' lang='lat' dir='ltr'><strong>Alex.</strong></span> <span class='ocrx_word' id='word_1_237' title='bbox 1801 3248 2122 3300; x_wconf 67' lang='lat' dir='ltr'><strong>sirova</strong></span> <span class='ocrx_word' id='word_1_238' title='bbox 2164 3266 2218 3317; x_wconf 85' lang='lat' dir='ltr'><strong>p.</strong></span> <span class='ocrx_word' id='word_1_239' title='bbox 2239 3249 2347 3302; x_wconf 82' lang='lat'><strong>523</strong></span> <span class='ocrx_word' id='word_1_240' title='bbox 2381 3250 2448 3300; x_wconf 81' lang='lat' dir='ltr'><strong>B.</strong></span> <span class='ocrx_word' id='word_1_241' title='bbox 2506 3250 2644 3302; x_wconf 71' lang='lat' dir='ltr'><strong>Bias</strong></span> <span class='ocrx_word' id='word_1_242' title='bbox 2722 3270 2780 3303; x_wconf 88' lang='lat' dir='ltr'><strong>e·</strong></span> 
     </span>
     <span class='ocr_line' id='line_1_33' title="bbox 609 3317 2780 3393; baseline -0 -17"><span class='ocrx_word' id='word_1_243' title='bbox 609 3324 787 3393; x_wconf 82' lang='lat' dir='ltr'><strong>nique</strong></span> <span class='ocrx_word' id='word_1_244' title='bbox 826 3321 978 3392; x_wconf 76' lang='lat' dir='ltr'><strong>apud</strong></span> <span class='ocrx_word' id='word_1_245' title='bbox 1012 3322 1359 3372; x_wconf 68' lang='lat' dir='ltr'><strong>Prienenses</strong></span> <span class='ocrx_word' id='word_1_246' title='bbox 1395 3317 1702 3389; x_wconf 87' lang='lat' dir='ltr'><strong>plurimum</strong></span> <span class='ocrx_word' id='word_1_247' title='bbox 1743 3320 1930 3388; x_wconf 82' lang='lat' dir='ltr'><strong>potuit</strong></span> <span class='ocrx_word' id='word_1_248' title='bbox 1975 3318 2276 3388; x_wconf 81' lang='lat' dir='ltr'><strong>prudentia</strong></span> <span class='ocrx_word' id='word_1_249' title='bbox 2328 3328 2385 3371; x_wconf 87' lang='lat' dir='ltr'><strong>et</strong></span> <span class='ocrx_word' id='word_1_250' title='bbox 2431 3319 2780 3393; x_wconf 72' lang='lat' dir='ltr'><strong>eloquentia,</strong></span> 
     </span>
     <span class='ocr_line' id='line_1_34' title="bbox 609 3390 2783 3468; baseline 0 -24"><span class='ocrx_word' id='word_1_251' title='bbox 609 3396 782 3460; x_wconf 82' lang='lat' dir='ltr'><strong>Diog.</strong></span> <span class='ocrx_word' id='word_1_252' title='bbox 822 3394 1009 3445; x_wconf 77' lang='lat' dir='ltr'><strong>Laert.</strong></span> <span class='ocrx_word' id='word_1_253' title='bbox 1044 3392 1075 3445; x_wconf 90' lang='lat'>1</span> <span class='ocrx_word' id='word_1_254' title='bbox 1109 3410 1164 3461; x_wconf 88' lang='grc' dir='ltr'><strong>Ρ.</strong></span> <span class='ocrx_word' id='word_1_255' title='bbox 1205 3391 1292 3448; x_wconf 78' lang='lat'><strong>58,</strong></span> <span class='ocrx_word' id='word_1_256' title='bbox 1334 3394 1392 3441; x_wconf 85' lang='lat' dir='ltr'><strong>et</strong></span> <span class='ocrx_word' id='word_1_257' title='bbox 1428 3405 1657 3441; x_wconf 78' lang='lat' dir='ltr'><strong>carmen</strong></span> <span class='ocrx_word' id='word_1_258' title='bbox 1700 3407 1929 3459; x_wconf 80' lang='lat' dir='ltr'><strong>quoque</strong></span> <span class='ocrx_word' id='word_1_259' title='bbox 1981 3392 2369 3460; x_wconf 77' lang='lat' dir='ltr'><strong>composuisse</strong></span> <span class='ocrx_word' id='word_1_260' title='bbox 2417 3390 2622 3444; x_wconf 79' lang='lat' dir='ltr'><strong>dicitur</strong></span> <span class='ocrx_word' id='word_1_261' title='bbox 2664 3393 2783 3468; x_wconf 67' lang='grc' dir='ltr'><strong>περὶ</strong></span> 
     </span>
     <span class='ocr_line' id='line_1_35' title="bbox 599 3459 2777 3532; baseline 0 -15"><span class='ocrx_word' id='word_1_262' title='bbox 599 3464 818 3527; x_wconf 66' lang='grc' dir='ltr'><strong>Ἰωνίας,</strong></span> <span class='ocrx_word' id='word_1_263' title='bbox 853 3466 966 3517; x_wconf 69' lang='grc' dir='ltr'><strong>τίνα</strong></span> <span class='ocrx_word' id='word_1_264' title='bbox 1001 3462 1227 3532; x_wconf 71' lang='grc' dir='ltr'><strong><em>μάλιστα</em></strong></span> <span class='ocrx_word' id='word_1_265' title='bbox 1265 3459 1337 3514; x_wconf 74' lang='grc' dir='ltr'><strong>ἂν</strong></span> <span class='ocrx_word' id='word_1_266' title='bbox 1368 3460 1558 3532; x_wconf 57' lang='grc' dir='ltr'><strong>φόνιον</strong></span> <span class='ocrx_word' id='word_1_267' title='bbox 1587 3460 1888 3532; x_wconf 71' lang='grc' dir='ltr'><strong>εὐδοκιμοίη.</strong></span> <span class='ocrx_word' id='word_1_268' title='bbox 1941 3459 2018 3513; x_wconf 85' lang='lat' dir='ltr'><strong>ih.</strong></span> <span class='ocrx_word' id='word_1_269' title='bbox 2057 3479 2110 3531; x_wconf 88' lang='grc' dir='ltr'><strong>Ρ.</strong></span> <span class='ocrx_word' id='word_1_270' title='bbox 2150 3461 2236 3514; x_wconf 75' lang='grc'><strong>59.</strong></span> <span class='ocrx_word' id='word_1_271' title='bbox 2314 3462 2583 3515; x_wconf 81' lang='lat' dir='ltr'><strong>Ceterum</strong></span> <span class='ocrx_word' id='word_1_272' title='bbox 2621 3464 2777 3517; x_wconf 84' lang='lat' dir='ltr'><strong>Tha-</strong></span> 
     </span>
     <span class='ocr_line' id='line_1_36' title="bbox 607 3530 2776 3608; baseline -0 -19"><span class='ocrx_word' id='word_1_273' title='bbox 607 3537 708 3592; x_wconf 85' lang='lat' dir='ltr'><strong>len</strong></span> <span class='ocrx_word' id='word_1_274' title='bbox 747 3552 976 3608; x_wconf 83' lang='lat' dir='ltr'><strong>qnoque</strong></span> <span class='ocrx_word' id='word_1_275' title='bbox 1011 3550 1131 3584; x_wconf 86' lang='lat' dir='ltr'><strong>non</strong></span> <span class='ocrx_word' id='word_1_276' title='bbox 1167 3539 1448 3584; x_wconf 87' lang='lat' dir='ltr'><strong>remotum</strong></span> <span class='ocrx_word' id='word_1_277' title='bbox 1488 3548 1521 3581; x_wconf 79' lang='lat' dir='ltr'><strong>a</strong></span> <span class='ocrx_word' id='word_1_278' title='bbox 1559 3550 1621 3584; x_wconf 89' lang='lat' dir='ltr'><strong>re</strong></span> <span class='ocrx_word' id='word_1_279' title='bbox 1659 3530 1890 3601; x_wconf 77' lang='lat' dir='ltr'><strong>publica</strong></span> <span class='ocrx_word' id='word_1_280' title='bbox 1925 3531 2103 3584; x_wconf 80' lang='lat' dir='ltr'><strong>fuisse</strong></span> <span class='ocrx_word' id='word_1_281' title='bbox 2139 3532 2392 3584; x_wconf 86' lang='lat' dir='ltr'><strong>ostendit</strong></span> <span class='ocrx_word' id='word_1_282' title='bbox 2426 3535 2702 3588; x_wconf 73' lang='lat' dir='ltr'><strong>Herodot-</strong></span> <span class='ocrx_word' id='word_1_283' title='bbox 2727 3537 2776 3605; x_wconf 90' lang='lat'><strong>1,</strong></span> 
     </span>
     <span class='ocr_line' id='line_1_37' title="bbox 606 3600 2776 3665; baseline -0.001 -1"><span class='ocrx_word' id='word_1_284' title='bbox 606 3611 732 3665; x_wconf 79' lang='lat'><strong>170.</strong></span> <span class='ocrx_word' id='word_1_285' title='bbox 804 3608 870 3661; x_wconf 90' lang='lat' dir='ltr'><strong>In</strong></span> <span class='ocrx_word' id='word_1_286' title='bbox 909 3606 1161 3658; x_wconf 79' lang='lat' dir='ltr'><strong>univers.</strong></span> <span class='ocrx_word' id='word_1_287' title='bbox 1201 3601 1277 3657; x_wconf 85' lang='lat' dir='ltr'><strong>cf.</strong></span> <span class='ocrx_word' id='word_1_288' title='bbox 1312 3602 1590 3657; x_wconf 70' lang='lat' dir='ltr'><strong>Meiners.</strong></span> <span class='ocrx_word' id='word_1_289' title='bbox 1629 3600 1973 3657; x_wconf 78' lang='lat' dir='ltr'><strong>Geschichte</strong></span> <span class='ocrx_word' id='word_1_290' title='bbox 2018 3602 2121 3657; x_wconf 84' lang='lat' dir='ltr'><strong>der</strong></span> <span class='ocrx_word' id='word_1_291' title='bbox 2159 3603 2523 3660; x_wconf 82' lang='lat' dir='ltr'><strong>wissensch.</strong></span> <span class='ocrx_word' id='word_1_292' title='bbox 2561 3609 2626 3661; x_wconf 86' lang='lat' dir='ltr'><strong>in</strong></span> <span class='ocrx_word' id='word_1_293' title='bbox 2670 3608 2776 3662; x_wconf 77' lang='lat' dir='ltr'><strong>Gr.</strong></span> 
     </span>
    </p>
   </div>
   <div class='ocr_carea' id='block_1_8' title="bbox 605 3678 1206 3749">
    <p class='ocr_par' dir='ltr' id='par_1_9' title="bbox 605 3678 1206 3749">
     <span class='ocr_line' id='line_1_38' title="bbox 605 3678 1206 3749; baseline -0.017 -12"><span class='ocrx_word' id='word_1_294' title='bbox 605 3700 666 3737; x_wconf 78' lang='grc' dir='ltr'><strong>ιι.</strong></span> <span class='ocrx_word' id='word_1_295' title='bbox 702 3681 782 3735; x_wconf 73' lang='lat' dir='ltr'><strong>R.</strong></span> <span class='ocrx_word' id='word_1_296' title='bbox 817 3680 849 3731; x_wconf 91' lang='lat'>1</span> <span class='ocrx_word' id='word_1_297' title='bbox 886 3697 940 3749; x_wconf 85' lang='lat' dir='ltr'><strong>p.</strong></span> <span class='ocrx_word' id='word_1_298' title='bbox 979 3678 1049 3730; x_wconf 69' lang='lat'><strong>214</strong></span> <span class='ocrx_word' id='word_1_299' title='bbox 1085 3694 1206 3748; x_wconf 81' lang='lat' dir='ltr'><strong>sqq.</strong></span> 
     </span>
    </p>
   </div>
   <div class='ocr_carea' id='block_1_9' title="bbox 601 3763 2772 3995">
    <p class='ocr_par' dir='ltr' id='par_1_10' title="bbox 601 3747 2772 3995">
     <span class='ocr_line' id='line_1_39' title="bbox 684 3763 2719 3855; baseline -0.003 -13"><span class='ocrx_word' id='word_1_300' title='bbox 684 3835 691 3842; x_wconf 83' lang='grc'><strong>.</strong></span> <span class='ocrx_word' id='word_1_301' title='bbox 748 3781 813 3855; x_wconf 78' lang='lat'><strong>2)</strong></span> <span class='ocrx_word' id='word_1_302' title='bbox 851 3785 1006 3839; x_wconf 82' lang='lat' dir='ltr'><strong>Plut.</strong></span> <span class='ocrx_word' id='word_1_303' title='bbox 1049 3780 1253 3835; x_wconf 85' lang='lat' dir='ltr'><strong>Solon.</strong></span> <span class='ocrx_word' id='word_1_304' title='bbox 1275 3799 1322 3833; x_wconf 91' lang='lat' dir='ltr'><strong>c.</strong></span> <span class='ocrx_word' id='word_1_305' title='bbox 1351 3781 1431 3834; x_wconf 76' lang='lat'><strong>12.</strong></span> <span class='ocrx_word' id='word_1_306' title='bbox 1466 3778 1781 3851; x_wconf 73' lang='lat' dir='ltr'><strong>Scripsisse</strong></span> <span class='ocrx_word' id='word_1_307' title='bbox 1817 3780 1986 3833; x_wconf 81' lang='lat' dir='ltr'><strong>etiam</strong></span> <span class='ocrx_word' id='word_1_308' title='bbox 2026 3778 2235 3833; x_wconf 84' lang='lat' dir='ltr'><strong>dicitnr</strong></span> <span class='ocrx_word' id='word_1_309' title='bbox 2266 3778 2387 3852; x_wconf 69' lang='grc' dir='ltr'><strong>περὶ</strong></span> <span class='ocrx_word' id='word_1_310' title='bbox 2412 3763 2496 3848; x_wconf 57' lang='grc' dir='ltr'><strong>ἧς</strong></span> <span class='ocrx_word' id='word_1_311' title='bbox 2523 3782 2580 3836; x_wconf 70' lang='grc' dir='ltr'><strong>ἓν</strong></span> <span class='ocrx_word' id='word_1_312' title='bbox 2604 3783 2664 3837; x_wconf 78' lang='lat' dir='ltr'><strong><em>K</em></strong></span> <span class='ocrx_word' id='word_1_313' title='bbox 2703 3781 2719 3802; x_wconf 87' lang='lat'><em>&#39;</em></span> 
     </span>
     <span class='ocr_line' id='line_1_40' title="bbox 601 3849 2772 3929; baseline -0.005 -17"><span class='ocrx_word' id='word_1_314' title='bbox 601 3859 863 3915; x_wconf 64' lang='grc' dir='ltr'><strong>πολιτείας.</strong></span> <span class='ocrx_word' id='word_1_315' title='bbox 923 3858 1095 3922; x_wconf 82' lang='lat' dir='ltr'><strong>Diog.</strong></span> <span class='ocrx_word' id='word_1_316' title='bbox 1134 3852 1323 3906; x_wconf 78' lang='lat' dir='ltr'><strong>Lacrt.</strong></span> <span class='ocrx_word' id='word_1_317' title='bbox 1352 3852 1381 3903; x_wconf 88' lang='lat'>1</span> <span class='ocrx_word' id='word_1_318' title='bbox 1417 3870 1471 3922; x_wconf 88' lang='grc' dir='ltr'><strong>Ρ.</strong></span> <span class='ocrx_word' id='word_1_319' title='bbox 1509 3851 1582 3907; x_wconf 75' lang='grc'><strong>82</strong></span> <span class='ocrx_word' id='word_1_320' title='bbox 1616 3849 1846 3904; x_wconf 80' lang='lat' dir='ltr'><strong>Huehn.</strong></span> <span class='ocrx_word' id='word_1_321' title='bbox 1905 3852 2056 3905; x_wconf 79' lang='lat' dir='ltr'><strong>Add.</strong></span> <span class='ocrx_word' id='word_1_322' title='bbox 2097 3853 2161 3906; x_wconf 80' lang='lat' dir='ltr'><strong>C.</strong></span> <span class='ocrx_word' id='word_1_323' title='bbox 2196 3853 2264 3905; x_wconf 65' lang='lat'><strong>12.</strong></span> <span class='ocrx_word' id='word_1_324' title='bbox 2298 3853 2591 3924; x_wconf 80' lang='lat' dir='ltr'><strong>Heinrich,</strong></span> <span class='ocrx_word' id='word_1_325' title='bbox 2686 3858 2772 3929; x_wconf 84' lang='lat' dir='ltr'><strong>pi.</strong></span> 
     </span>
     <span class='ocr_line' id='line_1_41' title="bbox 605 3922 1801 3995; baseline -0.008 -9"><span class='ocrx_word' id='word_1_326' title='bbox 605 3931 864 3986; x_wconf 79' lang='lat' dir='ltr'><strong>menides</strong></span> <span class='ocrx_word' id='word_1_327' title='bbox 901 3945 1003 3979; x_wconf 83' lang='lat' dir='ltr'><strong>aus</strong></span> <span class='ocrx_word' id='word_1_328' title='bbox 1039 3928 1247 3979; x_wconf 62' lang='grc' dir='ltr'><strong>[ξι-οἱα.</strong></span> <span class='ocrx_word' id='word_1_329' title='bbox 1318 3923 1512 3995; x_wconf 81' lang='lat' dir='ltr'><strong>Leipz.</strong></span> <span class='ocrx_word' id='word_1_330' title='bbox 1553 3922 1711 3977; x_wconf 81' lang='lat'>18⁰1.</span> <span class='ocrx_word' id='word_1_331' title='bbox 1748 3923 1801 3976; x_wconf 85' lang='lat'><strong>8.</strong></span> 
     </span>
    </p>
   </div>
   <div class='ocr_carea' id='block_1_10' title="bbox 742 4025 1814 4103">
    <p class='ocr_par' dir='ltr' id='par_1_11' title="bbox 742 4025 1814 4103">
     <span class='ocr_line' id='line_1_42' title="bbox 742 4025 1814 4103; baseline -0.008 -14"><span class='ocrx_word' id='word_1_332' title='bbox 742 4029 810 4103; x_wconf 78' lang='lat'><strong>3)</strong></span> <span class='ocrx_word' id='word_1_333' title='bbox 849 4032 942 4088; x_wconf 79' lang='lat' dir='ltr'><strong>Of.</strong></span> <span class='ocrx_word' id='word_1_334' title='bbox 978 4025 1389 4084; x_wconf 73' lang='lat' dir='ltr'><strong>Wachsmuth.</strong></span> <span class='ocrx_word' id='word_1_335' title='bbox 1425 4030 1456 4083; x_wconf 91' lang='lat'>1</span> <span class='ocrx_word' id='word_1_336' title='bbox 1487 4047 1545 4101; x_wconf 89' lang='grc' dir='ltr'><strong>Ρ.</strong></span> <span class='ocrx_word' id='word_1_337' title='bbox 1585 4027 1692 4083; x_wconf 82' lang='grc'><strong>198</strong></span> <span class='ocrx_word' id='word_1_338' title='bbox 1726 4047 1814 4102; x_wconf 77' lang='lat' dir='ltr'><strong>sq.</strong></span> 
     </span>
    </p>
   </div>
   <div class='ocr_carea' id='block_1_11' title="bbox 595 4132 2770 4430">
    <p class='ocr_par' dir='ltr' id='par_1_12' title="bbox 595 4132 2770 4430">
     <span class='ocr_line' id='line_1_43' title="bbox 740 4132 2770 4211; baseline -0.004 -17"><span class='ocrx_word' id='word_1_339' title='bbox 740 4140 806 4210; x_wconf 80' lang='grc'><strong>4)</strong></span> <span class='ocrx_word' id='word_1_340' title='bbox 842 4142 935 4193; x_wconf 85' lang='lat' dir='ltr'><strong>De</strong></span> <span class='ocrx_word' id='word_1_341' title='bbox 971 4134 1304 4207; x_wconf 72' lang='lat' dir='ltr'><strong>Pythagora</strong></span> <span class='ocrx_word' id='word_1_342' title='bbox 1342 4141 1400 4187; x_wconf 78' lang='lat' dir='ltr'><strong>et</strong></span> <span class='ocrx_word' id='word_1_343' title='bbox 1443 4132 1941 4205; x_wconf 76' lang='lat' dir='ltr'><strong>Pythagoreorum</strong></span> <span class='ocrx_word' id='word_1_344' title='bbox 1998 4133 2489 4190; x_wconf 75' lang='lat' dir='ltr'><strong>administratione</strong></span> <span class='ocrx_word' id='word_1_345' title='bbox 2533 4141 2618 4192; x_wconf 84' lang='lat' dir='ltr'><strong>rei</strong></span> <span class='ocrx_word' id='word_1_346' title='bbox 2665 4158 2770 4211; x_wconf 75' lang='lat' dir='ltr'><strong>pu.</strong></span> 
     </span>
     <span class='ocr_line' id='line_1_44' title="bbox 598 4204 2769 4279; baseline -0.003 -11"><span class='ocrx_word' id='word_1_347' title='bbox 598 4212 787 4268; x_wconf 73' lang='lat' dir='ltr'><strong>blicae</strong></span> <span class='ocrx_word' id='word_1_348' title='bbox 837 4211 907 4265; x_wconf 80' lang='lat' dir='ltr'><strong>cf.</strong></span> <span class='ocrx_word' id='word_1_349' title='bbox 943 4210 1134 4279; x_wconf 78' lang='lat' dir='ltr'><strong>Heyn.</strong></span> <span class='ocrx_word' id='word_1_350' title='bbox 1172 4224 1403 4279; x_wconf 81' lang='lat' dir='ltr'><strong>opuscc.</strong></span> <span class='ocrx_word' id='word_1_351' title='bbox 1437 4204 1621 4261; x_wconf 79' lang='lat' dir='ltr'><strong>Acad.</strong></span> <span class='ocrx_word' id='word_1_352' title='bbox 1658 4206 1717 4260; x_wconf 89' lang='lat'><strong>11</strong></span> <span class='ocrx_word' id='word_1_353' title='bbox 1759 4224 1815 4278; x_wconf 84' lang='grc' dir='ltr'><strong>Ρ.</strong></span> <span class='ocrx_word' id='word_1_354' title='bbox 1871 4206 1972 4261; x_wconf 83' lang='grc'><strong>186</strong></span> <span class='ocrx_word' id='word_1_355' title='bbox 2019 4224 2140 4278; x_wconf 78' lang='lat' dir='ltr'><strong>sqq.</strong></span> <span class='ocrx_word' id='word_1_356' title='bbox 2223 4207 2507 4278; x_wconf 78' lang='lat' dir='ltr'><strong>Meiners,</strong></span> <span class='ocrx_word' id='word_1_357' title='bbox 2556 4209 2769 4269; x_wconf 74' lang='lat' dir='ltr'><strong>Gesch.</strong></span> 
     </span>
     <span class='ocr_line' id='line_1_45' title="bbox 598 4277 2766 4352; baseline -0.008 -13"><span class='ocrx_word' id='word_1_358' title='bbox 598 4286 703 4339; x_wconf 82' lang='lat' dir='ltr'><strong>der</strong></span> <span class='ocrx_word' id='word_1_359' title='bbox 742 4278 1105 4338; x_wconf 80' lang='lat' dir='ltr'><strong>wissensch.</strong></span> <span class='ocrx_word' id='word_1_360' title='bbox 1139 4280 1201 4333; x_wconf 86' lang='lat' dir='ltr'><strong>in</strong></span> <span class='ocrx_word' id='word_1_361' title='bbox 1254 4279 1356 4332; x_wconf 77' lang='lat' dir='ltr'><strong>Gr.</strong></span> <span class='ocrx_word' id='word_1_362' title='bbox 1407 4296 1462 4332; x_wconf 88' lang='lat' dir='ltr'><strong>u.</strong></span> <span class='ocrx_word' id='word_1_363' title='bbox 1505 4280 1585 4332; x_wconf 78' lang='lat' dir='ltr'><strong>R.</strong></span> <span class='ocrx_word' id='word_1_364' title='bbox 1632 4279 1663 4332; x_wconf 91' lang='lat'>1</span> <span class='ocrx_word' id='word_1_365' title='bbox 1698 4296 1754 4350; x_wconf 87' lang='grc' dir='ltr'><strong>Ρ.</strong></span> <span class='ocrx_word' id='word_1_366' title='bbox 1800 4278 1925 4332; x_wconf 76' lang='lat'><strong>401.</strong></span> <span class='ocrx_word' id='word_1_367' title='bbox 1971 4277 2097 4331; x_wconf 75' lang='lat'><strong>46⁴.</strong></span> <span class='ocrx_word' id='word_1_368' title='bbox 2146 4277 2252 4332; x_wconf 74' lang='lat'><strong>469</strong></span> <span class='ocrx_word' id='word_1_369' title='bbox 2287 4297 2410 4352; x_wconf 70' lang='lat' dir='ltr'><strong>sqq.</strong></span> <span class='ocrx_word' id='word_1_370' title='bbox 2498 4283 2766 4337; x_wconf 61' lang='lat' dir='ltr'><strong>Mueller,</strong></span> 
     </span>
     <span class='ocr_line' id='line_1_46' title="bbox 595 4347 2764 4430; baseline -0.006 -20"><span class='ocrx_word' id='word_1_371' title='bbox 595 4359 740 4414; x_wconf 81' lang='lat' dir='ltr'><strong>Dor.</strong></span> <span class='ocrx_word' id='word_1_372' title='bbox 777 4356 836 4413; x_wconf 86' lang='lat'><strong>11</strong></span> <span class='ocrx_word' id='word_1_373' title='bbox 867 4374 923 4430; x_wconf 82' lang='grc' dir='ltr'><strong>Ρ.</strong></span> <span class='ocrx_word' id='word_1_374' title='bbox 962 4351 1085 4409; x_wconf 82' lang='grc'><strong>178.</strong></span> <span class='ocrx_word' id='word_1_375' title='bbox 1152 4348 1462 4405; x_wconf 82' lang='lat' dir='ltr'><strong>Weleker.</strong></span> <span class='ocrx_word' id='word_1_376' title='bbox 1510 4348 1781 4419; x_wconf 77' lang='lat' dir='ltr'><strong>Prolegg·</strong></span> <span class='ocrx_word' id='word_1_377' title='bbox 1831 4347 1906 4403; x_wconf 78' lang='lat' dir='ltr'><strong>ad</strong></span> <span class='ocrx_word' id='word_1_378' title='bbox 1957 4347 2219 4419; x_wconf 74' lang='lat' dir='ltr'><strong>Theogn·</strong></span> <span class='ocrx_word' id='word_1_379' title='bbox 2257 4369 2311 4424; x_wconf 90' lang='grc' dir='ltr'><strong>Ρ.</strong></span> <span class='ocrx_word' id='word_1_380' title='bbox 2347 4350 2531 4415; x_wconf 75' lang='lat' dir='ltr'><strong>xm</strong></span> <span class='ocrx_word' id='word_1_381' title='bbox 2567 4362 2624 4408; x_wconf 74' lang='lat' dir='ltr'><strong>et</strong></span> <span class='ocrx_word' id='word_1_382' title='bbox 2657 4356 2764 4409; x_wconf 72' lang='lat' dir='ltr'><strong>im..</strong></span> 
     </span>
    </p>
   </div>
  </div>
 </body>
</html>
