3067 4975
539 409 712 483 -292
965 409 1044 483 V.
1090 409 1210 483 De
1250 432 1346 482 re
1380 379 1700 509 pulum
1747 408 2341 483 Athembnsium.

577 618 748 666 nam
797 596 864 665 is
910 588 1469 665 necessitudine
1523 592 1851 663 occisum
1905 589 2387 688 contingeret
2413 591 2511 686 ⁵).
2577 591 2766 673 Nou

579 694 822 762 minus
873 691 1192 762 solemni
1240 691 1404 759 iure
1453 685 1775 759 iurando
1830 688 2049 759 etiam
2098 687 2335 760 testes
2384 691 2758 789 utrimque

636 786 929 859 roducti
1004 781 1507 881 adigebantur
1533 787 1622 880 ⁶).
1748 784 2157 856 Orationes
2252 782 2349 856 ab
2429 793 2757 886 utroque

575 814 807 959 binae
858 877 1356 954 habebantur.
1436 880 1499 955 S
1555 883 1868 979 negoris
1915 883 2026 952 uti
2074 906 2226 952 non
2278 878 2577 975 licebat,
2626 908 2759 956 ne-

586 1007 729 1083 que
779 977 1128 1078 proferre
1190 1003 1379 1076 quae
1428 1003 1473 1049 a
1574 980 1811 1076 ipsam
1862 1002 2166 1050 causam
2220 1003 2372 1049 non
2421 982 2756 1078 pertine-

550 1078 790 1168 rent,
855 1074 1260 1175 essentque
1327 1075 1618 1147 tantum
1687 1072 1784 1146 ad
1832 1076 2020 1147 iram
2069 1071 2392 1147 iudicum
2443 1080 2572 1148 aut
2619 1079 2757 1150 mi·

584 1171 1072 1251 sericordiam
1137 1169 1583 1243 movendam
1635 1175 2072 1268 comparata
2099 1171 2188 1261 ⁷).
2288 1172 2476 1245 Dies
2531 1199 2757 1245 oran·

585 1271 727 1349 dae
779 1294 1052 1343 causae
1102 1294 1254 1340 non
1303 1293 1498 1341 unus
1551 1267 1683 1341 sed
1737 1266 1885 1339 duo
1940 1270 2273 1340 continui
2323 1266 2477 1341 dati
2507 1268 2759 1342 viden-

584 1377 732 1443 tur.
772 1399 781 1414 ·
829 1368 1024 1440 Post
1086 1368 1421 1464 priorem
1487 1365 1861 1438 actionem
1908 1389 2073 1457 reo,
2125 1366 2190 1436 si
2242 1391 2516 1440 causae
2569 1364 2759 1438 diffi-

584 1465 834 1557 deret,
896 1461 1139 1537 solum
1191 1471 1485 1552 vertere
1534 1458 1839 1553 licebat,
1891 1486 2039 1561 quo
2091 1456 2335 1554 sacto,
2404 1464 2470 1534 si
2519 1488 2757 1562 porro

583 1560 1003 1637 abstineret
1066 1555 1336 1659 quibus
1399 1554 1841 1656 oportebat,
1907 1555 2155 1631 nullae
2207 1557 2521 1656 amplius
2570 1586 2757 1659 poe·-

581 1686 725 1733 nae
756 1655 1139 1731 obnoxius
1155 1652 1562 1749 erat,bona
1593 1659 1838 1728 tamen
1877 1658 2036 1727 eius
2059 1651 2637 1754 publicabantur
2663 1657 2760 1754 ⁸).

583 1757 853 1832 Tertio
906 1752 1026 1828 die
1079 1751 1450 1851 suffragia
1511 1751 1950 1825 ferebantur
1976 1754 2080 1843 9),
2145 1755 2413 1850 positis
2464 1749 2759 1828 duabus

580 1844 819 1946 urnis,
873 1850 1113 1925 altera
1164 1875 1426 1943 aenea,
1477 1847 1718 1922 altera
1756 1845 2032 1944 lignea,
2085 1873 2393 1948 quarum
2419 1848 2547 1924 illa
2578 1878 2759 1925 con-

583 1949 1122 2038 demnantium,
1205 1944 1392 2019 haec
1455 1943 1997 2021 absolventium
2077 1943 2411 2020 calculos
2470 1954 2762 2049 recipe-

583 2051 706 2122 ret
732 2048 855 2145 ¹⁰).
967 2043 1153 2119 Pari
1202 2041 1774 2143 suffragiorum,
1804 2066 2117 2118 numero
2177 2068 2374 2142 reus,
2415 2041 2762 2122 absolve-

725 2338 790 2412 5)
830 2343 993 2395 Dem.
1032 2342 1093 2394 in
1139 2340 1352 2409 Euerg.
1402 2357 1459 2410 p·
1505 2337 1665 2404 1161,
1712 2334 1749 2391 8
1793 2334 1894 2389 ubi
1941 2337 2112 2391 scrib.
2150 2357 2278 2392 cum
2315 2338 2618 2406 Bekkeroz
2652 2338 2682 2395 ὅ
2713 2360 2761 2395 π

578 2416 853 2542 affigant
896 2415 1012 2477 ἐστι,
1059 2412 1259 2467 itidem
1309 2417 1375 2466 ut
1411 2429 1501 2482 ap.
1541 2408 1769 2463 Polluc.
1806 2409 1976 2477 vm,
2014 2410 2149 2466 1182
2181 2415 2229 2465 zi
2259 2413 2532 2486 προσήκων
2560 2412 2661 2468 ἐστὶ
2690 2412 2765 2485 τῷ

722 2588 789 2661 6)
827 2589 1059 2662 Antiph.
1098 2590 1171 2644 de
1207 2589 1366 2646 caed.
1402 2586 1621 2641 Herod.
1658 2606 1715 2659 p.
1756 2588 1880 2642 710.
1919 2587 1988 2657 cf.
2016 2590 2323 2643 Proe.Att.
2362 2610 2415 2662 p.
2453 2592 2576 2646 675.
2629 2593 2756 2645 No-

584 2663 822 2716 tandum
859 2673 1172 2734 praeterea,
1221 2663 1612 2715 testimonium
1650 2662 1818 2712 etiam
1854 2663 2040 2714 servis
2076 2661 2265 2717 dicere
2300 2661 2547 2717 licuisse.
2615 2663 2759 2718 vid.

582 2737 754 2789 Proc.
791 2739 910 2788 Att.
948 2754 1001 2804 p.
1040 2736 1145 2788 667
1182 2740 1302 2789 not.
1332 2734 1426 2786 232.

727 2837 795 2909 7>
831 2841 968 2894 Vid.
1005 2839 1212 2894 Matth.
1248 2859 1306 2910 p.
1347 2837 1453 2893 164
1488 2843 1610 2892 not.
1646 2836 1748 2892 38:
1770 2838 1937 2892 Proc.
1974 2840 2099 2893 Ait.
2136 2859 2194 2911 p.
2230 2839 2352 2894 719.

723 2965 780 3032 8)
816 2967 957 3019 Non
1002 2963 1164 3018 licuit
1215 2970 1409 3017 tamen
1455 2965 1518 3015 in
1569 2962 1804 3017 exilium
1853 2965 1940 3016 ire
2162 2962 2488 3017 arricidium
2526 2966 2757 3017 commi-

583 3041 727 3093 sisse
777 3037 1198 3107 arguebantur,
1250 3050 1395 3106 quos
1422 3036 1685 3105 ..proinde
1737 3037 1799 3087 in
1835 2982 2086 3089 vinc-3¹:2¹
2104 2983 2269 3088 dpatos
2307 3043 2756 3092 consentaneum

582 3118 686 3164 est.
761 3111 850 3164 ef.
885 3107 1038 3162 Poll.
1078 3109 1245 3174 vlu,
1283 3107 1395 3165 117
1427 3113 1485 3159 et
1520 3105 1617 3160 au.
1655 3125 1745 3180 ap.
1782 3105 1991 3163 Matth.
2028 3127 2081 3178 p.
2118 3108 2239 3161 167.

723 3231 784 3297 9)
821 3235 950 3287 Hoc
1004 3233 1225 3287 etiamsi
1277 3249 1557 3302 nusquam
1600 3231 1809 3284 diserte
1843 3232 1926 3284 ita
1962 3236 2225 3284 testatum
2265 3228 2527 3300 legimus,
2562 3237 2753 3303 potest

559 3308 777 3361 ,tamen
814 3302 1098 3372 probabili
1137 3304 1465 3356 coniectura
1502 3301 1713 3370 colligi.
1752 3303 1905 3354 Nam
1940 3302 2190 3355 triduum
2228 3300 2316 3354 his
2351 3305 2412 3354 in
2448 3305 2755 3373 Areopago

583 3374 905 3435 actionibus
959 3374 1275 3442 legitimum
1338 3372 1546 3439 fuisse,
1590 3381 1648 3428 et
1692 3370 1919 3446 quidem
1970 3384 2225 3427 extremo
2274 3392 2497 3440 mense,
2541 3374 2755 3428 Pollux

584 3447 754 3499 docet
800 3447 978 3510 vul,
1028 3447 1162 3512 117,
1210 3451 1268 3497 et
1308 3444 1478 3498 Plato
1526 3464 1757 3517 quoque
1791 3444 2118 3498 huiusmodi
2155 3463 2355 3498 causas
2394 3463 2428 3496 a
2463 3445 2751 3499 iudicibus

586 3536 711 3591 per>
746 3517 994 3569 triduum
1052 3519 1385 3568 continuum
1432 3519 1703 3586 cognosci
1760 3517 1949 3584 iubet,
2008 3535 2346 3589 quamquam
2395 3516 2592 3588 paullo
2637 3517 2754 3571 alia

583 3590 826 3653 ratione,
861 3588 1040 3657 Legg.
1087 3588 1179 3640 lx
1215 3606 1264 3657 p.
1302 3587 1409 3641 855
1447 3596 1588 3641 extr.
1622 3588 1729 3643 856
1765 3591 1843 3641 in.
1916 3591 2117 3660 Itaque
2139 3606 2313 3660 quum
2349 3587 2513 3640 binas
2540 3592 2753 3642 oratio-

584 3678 688 3712 nes
732 3664 962 3732 utrique
1012 3660 1172 3712 datas
1210 3673 1342 3747 ‘esse
1399 3666 1622 3748 constet
1664 3659 1761 3712 vel
1800 3678 1872 3713 ex
1908 3659 2292 3732 appellatione
2326 3664 2565 3752 7190159222
2597 3660 2753 3732 λόγου
2819 3656 2828 3663 ’

580 3728 1580 3859 35323312¹3212⁰3323fflffiffl
1602 3730 2750 3874 Sf‘f.{?²1¹.¹2‘h.’uss¹.2.⁸ffl3232132⁰23211¹3⁰3¹11

581 3873 885 3928 stribuere.
956 3876 1091 3928 Nisi
1137 3875 1263 3946 quis
1306 3881 1494 3944 putet,
1546 3877 1801 3945 utrisque
1839 3875 2195 3928 orationibus
2232 3893 2348 3927 uno
2390 3874 2481 3926 die
2518 3872 2751 3939 habitis,

569 3944 687 3999 ‚reli
731 3964 861 3999 uum
918 3953 1139 4018 tempus
1194 3947 1254 3997 in
1288 3946 1838 4014 interrogationibus
1874 3948 2122 4000 iudicum
2160 3954 2556 4017 consumptum
2599 3966 2752 4014 esse,

581 4036 694 4088 qua
721 4036 781 4070 es
833 4017 1001 4071 Plato
1051 4018 1090 4070 l.
1140 4015 1179 4069 l.
1221 4017 1578 4087 praescribit.
1660 4016 1739 4070 Et
1786 4035 1925 4072 sane
1977 4016 2658 4086 interrogari=litigantes
2713 4037 2748 4071 a

575 4089 860 4142 iudicibus
897 4092 956 4143 in
992 4093 1300 4159 Areopago
1335 4106 1452 4140 non
1492 4108 1659 4142 secus
1695 4107 1862 4159 quam
1901 4082 2039 4143 alibi
2074 4092 2329 4161 potuisse
2365 4106 2536 4142 nemo
2574 4088 2743 4142 dubi-

575 4160 722 4215 tabit
758 4160 861 4226 (ef.
899 4163 1065 4214 Proc.
1100 4164 1221 4214 Att.
1260 4178 1315 4230 p.
1353 4156 1521 4229 718),·
1557 4159 1883 4214 huiusmodi
1917 4171 2108 4215 tamen
2143 4160 2482 4215 Platonicae
2518 4160 2738 4235 ἀνακρί-

556 4232 697 4290 ’σεως
723 4232 947 4287 nullum
982 4236 1046 4286 in
1079 4236 1387 4302 Areopago
1423 4235 1731 4302 vestigium
1767 4234 2021 4286 invenio.

518 4403 523 4407 ,
708 4337 809 4405 10)
855 4326 1063 4393 ΜαιίῙι.
1110 4334 1164 4411 p.
1209 4338 1329 4394 164.
1385 4340 1502 4407 165,
1550 4342 1647 4413 qui
1694 4346 1884 4393 tamen
1935 4346 2053 4394 not.
2104 4340 2177 4396 39
2223 4338 2415 4394 aliena
2449 4337 2736 4395 nonnulla

571 4409 863 4471 admiscet.
941 4411 1031 4466 ef.
1071 4419 1129 4464 ct
1161 4410 1429 4465 Mueller.
1464 4412 1539 4466 ad
1573 4414 1738 4467 Eum.
1774 4432 1833 4484 p.
1872 4412 1996 4467 161.
