3067 4975
556 369 723 442 ΙΙΙ.
796 364 915 447 De
960 362 1185 439 rebus
1219 362 1549 463 publicis
1596 363 1683 436 in
1726 356 2185 436 anthemum.
2310 356 2451 430 101

293 543 642 624 omnibus
667 573 806 646 pro
832 544 1008 643 lege
1035 534 1587 618 observandum
1614 544 1718 620 sit
1739 545 1833 640 2),
1874 542 2192 648 apparet
2227 564 2449 639 pror-

293 673 422 719 sus
473 647 741 719 contra
790 648 1132 716 naturam
1181 648 1610 741 rectamque
1661 646 2029 716 rationem
2078 643 2152 711 in
2191 634 2449 710 ocblo-

295 742 531 816 cratia
579 767 713 813 eos
760 744 1136 813 minimum
1180 764 1449 838 posse,
1552 743 1628 812 ui
1675 743 1752 812 in
1802 735 1997 814 bene
2045 733 2453 809 constituta

293 865 378 913 re
407 837 707 937 publica
733 836 1128 936 plurimum
1155 834 1406 908 valere
1445 765 1831 911 ‹lgberenh
1933 826 2452 921 Quamobrem

292 930 1680 1130 ἷέἱῖέιξέἓῖιὶἒῑῗ..ῗέῗῖέέῗῗῗῖἒζῖ
1714 931 2170 1103 Ροῖῑὶἒέὲέῒί
2204 951 2456 1120 ἰῖξὲἑ

2121 1076 2144 1119 9

292 1126 558 1227 plebes
608 1152 758 1199 uon
812 1127 1067 1225 potest
1112 1128 1408 1197 non.iis
1460 1125 1892 1200 adversaria
1944 1149 2134 1213 esse,
2185 1118 2455 1219 quibus

274 1250 504 1299 suam
554 1225 1002 1323 potestatem
1051 1224 1428 1319 ingratam
1478 1249 1649 1299 esse
1697 1220 2105 1320 intelligat:
2174 1241 2321 1315 quo
2372 1213 2458 1286 fit

297 1323 381 1394 ut
441 1347 593 1393 non
660 1317 1164 1393 concordibus
1228 1322 1422 1393 inter
1485 1347 1569 1393 se
1634 1323 1896 1393 animis
1960 1313 2248 1417 placide
2297 1336 2456 1384 rem

292 1415 673 1518 publicam
741 1416 1103 1506 tractent,
1182 1413 1317 1489 sed
1389 1418 1468 1489 in
1545 1415 1733 1490 duas
1804 1416 2177 1490 factiones
2244 1409 2459 1482 divisi

294 1540 509 1588 suum
571 1514 867 1612 utrique
931 1510 1400 1585 commodum
1464 1539 1578 1586 ma
1644 1519 1706 1586 is
1784 1539 2005 1614 quam
2071 1529 2457 1582 commune

296 1613 619 1686 civitatis
673 1606 948 1683 bonum
1001 1612 1368 1708 quaerant
1393 1613 1490 1705 3).
1639 1614 1669 1682 t
1713 1608 1920 1708 plebi
1952 1605 2246 1710 quidem
2280 1605 2459 1675 utile

293 1706 670 1782 videbitur
719 1708 1124 1804 optimates
1177 1704 1539 1805 quantum
1600 1705 1765 1780 fieri
1824 1707 2080 1805 potest
2142 1700 2463 1802 opprimi

297 1809 524 1905 atque
574 1807 651 1876 in
703 1800 1042 1874 ordinem
1095 1805 1297 1900 cogi,
1349 1805 1632 1902 quoet
1678 1801 1947 1877 borum
1997 1804 2223 1876 animi
2254 1797 2461 1872 frau-

296 1906 604 2000 gantur,
657 1907 732 1971 et
781 1924 964 1971 suae
1016 1924 1203 1997 opes
1256 1903 1650 1972 crescant:
1703 1896 2192 2001 quamobrem
2241 1891 2464 1968 facile

299 1994 961 2071 calumniatoribus
1012 1994 1269 2068 credet
1291 1993 1388 2093 4),
1435 1999 1713 2070 iniusta
1760 1994 2121 2070 adversus
2148 1996 2464 2092 optima-

295 2096 419 2169 tes
452 2091 722 2167 iudicia
761 2089 1169 2181 exercebit,
1210 2091 1519 2166 mulctas
1554 2095 1894 2192 imponet
1911 2117 2215 2192 graveS,
2263 2087 2470 2161 bona

305 2216 565 2265 eorum
615 2186 1055 2287 publicabit,
1115 2192 1141 2260 i
1197 2215 1327 2262 sos
1377 2191 1454 2262 iu
1506 2190 1813 2263 exilium
1869 2216 1913 2262 a
1977 2195 2052 2264 et
2082 2191 2192 2284 ⁵),
2252 2184 2467 2258 litur-

295 2292 594 2388 giarum
657 2284 1080 2382 sumptibus
1178 2284 1634 2383 oeupletium
1712 2284 1909 2360 facul
1950 2289 2114 2360 ates
2180 2281 2468 2357 exhau-

301 2389 449 2458 riet
475 2387 564 2474 6),
616 2380 934 2480 denique
986 2385 1238 2453 omnia
1285 2380 1538 2473 faciet,
1606 2408 1799 2482 quae
1849 2381 1946 2456 ad
2014 2404 2469 2455 conservan-

248 2485 256 2498 “
301 2481 473 2555 dam
537 2490 611 2553 et
671 2474 1200 2553 stabiliendam
1247 2476 1742 2555 multitudinis
1792 2482 2243 2579 potestatem
2292 2501 2467 2575 per-

300 2583 540 2652 tinere
571 2575 1027 2652 iudicaverit.
1109 2577 1533 2673 optimates
1586 2581 1833 2650 autem
1888 2579 2135 2653 vexati
2182 2576 2469 2648 iniuriis

302 2681 381 2749 et
465 2676 809 2772 oppressi
886 2698 1039 2744 uon
1116 2675 1481 2770 poterunt
1553 2699 1703 2746 non
1783 2700 2029 2747 rerum
2103 2693 2467 2746 novarum

301 2770 713 2871 cupiditate
761 2767 1060 2841 incendi
1109 2767 1502 2869 plebisque
1556 2770 2090 2868 opprimendae
2154 2766 2469 2841 consilia

305 2868 729 2968 agitare⁷):
806 2862 997 2944 ,uod
1048 2891 1269 2964 quum
1321 2891 1459 2964 per
1508 2870 1652 2939 vim
1704 2871 2036 2964 apertam
2091 2864 2286 2939 effici
2334 2889 2466 2936 ne-

304 2966 558 3067 queat,
615 2964 776 3035 clan
835 2964 1117 3034 estinas
1152 2965 1354 3034 inter
1392 2989 1475 3035 se
1516 2966 2077 3038 coniurationes
2102 2963 2378 3037 sacient
2402 2961 2467 3053 ⁸)

447 3167 513 3240 2)
548 3170 725 3222 Arist.
768 3168 857 3236 v1,
897 3169 949 3231 1,
987 3168 1040 3223 6.
1075 3169 1127 3223 9.
1169 3170 1256 3223 12.
1291 3170 1409 3224 vid.
1449 3189 1624 3243 supra
1659 3167 1711 3243 §-
1746 3172 1835 3238 24,
1872 3173 1926 3225 4.

427 3260 492 3348 3).
523 3259 610 3345 Id.
646 3258 752 3321 111,
789 3258 841 3323 5,
878 3257 943 3310 42
980 3256 1013 3323 ἤ
1045 3256 1325 3345 &wamia
1366 3258 1471 3348 {mi
1513 3256 1642 3335 πρδς
1684 3256 1739 3344 a}
1785 3264 2049 3348 συμφέρον
2090 3257 2143 3316 αὖ
2184 3260 2286 3348 ταῖν
2316 3257 2466 3315 εὐπό-

296 3349 426 3458 Ξὲιῢιῖ
460 3328 943 3471 Ζῦιιέμιῗμῖἔτὲῖύα
975 3346 1103 3404 προς
1131 3349 1186 3384 το
1219 3348 1320 3384 των
1353 3343 1594 3405 tenuetur·
1640 3349 1769 3408 προς
1800 3333 1857 3388 δὲ
1900 3352 1954 3389 το
1985 3333 2059 3405 τῷ
2097 3352 2252 3405 κοινῳ
2286 3335 2464 3387 λυσιπ-

368 3519 373 3526 ’
446 3504 510 3577 4)
549 3507 642 3560 De
677 3504 1053 3577 sycophantis
1091 3507 1163 3560 cf.
1200 3505 1615 3564 Wachsmuth.
1646 3512 1693 3579 1,
1732 3512 1768 3564 2
1799 3531 1855 3584 p.
1896 3512 2018 3568 157.

367 3598 373 3602 ’
442 3614 500 3681 5)
538 3612 630 3668 Of.
668 3632 816 3685 quae
845 3613 1043 3666 laudat
1075 3615 1280 3669 Meier.
1321 3615 1392 3669 de
1427 3615 1564 3670 bon.
1603 3616 1791 3671 damn.
1827 3637 1883 3689 p.
1925 3618 2028 3671 175
2063 3636 2184 3691 sqq.

447 3722 511 3789 6)
547 3719 816 3791 Xenoph.
857 3718 928 3771 de
963 3738 1028 3771 re
1063 3720 1222 3792 publ.
1259 3720 1397 3777 Ath.
1433 3724 1479 3792 1,
1518 3725 1605 3779 13.

455 3821 517 3894 7)
555 3827 796 3879 Aristot.
835 3828 896 3891 V,
933 3826 985 3894 4,
1025 3828 1077 3880 l.
1193 3871 1197 3876 .

454 3929 518 4001 8)
547 3931 845 4006 Ἑταιρείαι,
889 3935 1216 4003 συνωμοσίαι.
1293 3935 1656 4009 Quamquam
1705 3957 1779 3993 ex
1822 3936 2088 4014 ἕταιρείαις
2134 3954 2180 3990 ι.
2228 3932 2472 4008 ἑταιρίαις

310 4002 481 4074 (nam
513 4002 682 4056 nihili
717 4010 803 4055 est
839 4003 1142 4056 discrimen
1177 4003 1377 4059 harum
1427 4007 1739 4063 formarum
1789 4029 1825 4063 a
1860 4012 2131 4079 Sti-angio
2183 4007 2255 4060 ad
2289 4009 2463 4059 Isocr.
2515 4009 2521 4022 ⁸

305 4097 369 4150 p.
406 4077 475 4129 51
514 4077 915 4142 excogitatum.
971 4074 1059 4127 Cf.
1077 4076 1300 4128 Sinten.
1337 4078 1410 4130 ad
1444 4081 1600 4135 Plut.
1636 4081 1843 4137 Pericl.
1880 4101 1935 4153 p.
1957 4079 2089 4152 145)
2126 4085 2261 4133 sunt
2297 4078 2467 4128 etiam

308 4165 461 4221 quae
511 4164 631 4198 nou
679 4145 751 4197 ad
797 4145 1166 4199 evertendam
1213 4165 1334 4199 rem
1387 4150 1546 4219 publ.
1582 4155 1933 4223 pertineant,
1978 4155 2081 4207 sed
2127 4161 2193 4204 ut
2238 4147 2466 4202 facilius

311 4219 636 4271 coniunctis
674 4216 880 4287 opibus
915 4223 1015 4269 aut
1061 4217 1133 4269 ad
1179 4216 1431 4272 bonores
1472 4226 1779 4292 pervenire
1826 4231 1926 4277 aut
1967 4228 2030 4278 in
2065 4220 2465 4276 iudiciis-rosi·

310 4298 469 4342 stete
520 4288 864 4341 adversariis
909 4290 1158 4359 possint,
1204 4294 1518 4360 συνωμοσίαι
1561 4292 1647 4348 ἐπὶ
1688 4294 1860 4353 ὥκαῑς
1886 4295 1982 4350 καὶ
2015 4295 2225 4369 ἀρχαῖς,
2273 4298 2339 4343 ut
2386 4290 2467 4339 ait

310 4359 577 4431 Thucyd.
616 4360 764 4428 vm,
800 4360 890 4413 54.
960 4360 1032 4413 In
1067 4363 1226 4416 univ.
1253 4360 1324 4416 cf·
1344 4380 1492 4436 quac
1516 4365 1669 4420 infra
1694 4368 1759 4421 Ρ.
1783 4370 1845 4438 V,
1879 4369 1915 4423 9
1953 4363 2001 4438 §-
2020 4369 2107 4436 91,
2131 4369 2166 4422 3
2191 4363 2466 4418 dicentur.
