<?xml version="1.0" encoding="UTF-8"?>
<!DOCTYPE html PUBLIC "-//W3C//DTD XHTML 1.0 Transitional//EN"
    "http://www.w3.org/TR/xhtml1/DTD/xhtml1-transitional.dtd">
<html xmlns="http://www.w3.org/1999/xhtml" xml:lang="en" lang="en">
 <head>
  <title>
</title>
<meta http-equiv="Content-Type" content="text/html;charset=utf-8" />
  <meta name='ocr-system' content='tesseract 3.04.00' />
  <meta name='ocr-capabilities' content='ocr_page ocr_carea ocr_par ocr_line ocrx_word'/>
</head>
<body>
  <div class='ocr_page' id='page_1' title='image "antiquitatesiur00schgoog_0316.png"; bbox 0 0 3067 4975; ppageno 0'>
   <div class='ocr_carea' id='block_1_1' title="bbox 566 346 2393 448">
    <p class='ocr_par' dir='ltr' id='par_1_1' title="bbox 566 346 2393 448">
     <span class='ocr_line' id='line_1_1' title="bbox 566 346 2393 448; baseline -0.002 -24"><span class='ocrx_word' id='word_1_1' title='bbox 566 351 749 436; x_wconf 65' lang='lat'><strong>‘306</strong></span> <span class='ocrx_word' id='word_1_2' title='bbox 993 350 1097 448; x_wconf 68' lang='grc' dir='ltr'><strong>Υ.</strong></span> <span class='ocrx_word' id='word_1_3' title='bbox 1133 348 1253 421; x_wconf 79' lang='lat' dir='ltr'><strong>De</strong></span> <span class='ocrx_word' id='word_1_4' title='bbox 1300 370 1390 420; x_wconf 80' lang='lat' dir='ltr'><strong>re</strong></span> <span class='ocrx_word' id='word_1_5' title='bbox 1426 346 1747 448; x_wconf 72' lang='lat' dir='ltr'><strong>publica</strong></span> <span class='ocrx_word' id='word_1_6' title='bbox 1794 346 2393 422; x_wconf 70' lang='lat' dir='ltr'><strong><em>Atheniensium.</em></strong></span> 
     </span>
    </p>
   </div>
   <div class='ocr_carea' id='block_1_2' title="bbox 605 526 2795 1021">
    <p class='ocr_par' dir='ltr' id='par_1_2' title="bbox 605 526 2795 1021">
     <span class='ocr_line' id='line_1_2' title="bbox 606 526 2790 675; baseline -0.003 -66"><span class='ocrx_word' id='word_1_7' title='bbox 606 559 771 630; x_wconf 86' lang='lat' dir='ltr'><strong>rum</strong></span> <span class='ocrx_word' id='word_1_8' title='bbox 835 528 1071 605; x_wconf 85' lang='lat' dir='ltr'><strong>multa</strong></span> <span class='ocrx_word' id='word_1_9' title='bbox 1133 531 1320 602; x_wconf 85' lang='lat' dir='ltr'><strong>satis</strong></span> <span class='ocrx_word' id='word_1_10' title='bbox 1366 526 1789 628; x_wconf 79' lang='lat' dir='ltr'><strong>&#39;magnifica</strong></span> <span class='ocrx_word' id='word_1_11' title='bbox 1850 530 2096 631; x_wconf 86' lang='lat' dir='ltr'><strong>iisque</strong></span> <span class='ocrx_word' id='word_1_12' title='bbox 2162 555 2209 603; x_wconf 87' lang='lat' dir='ltr'><strong>a</strong></span> <span class='ocrx_word' id='word_1_13' title='bbox 2259 528 2533 675; x_wconf 47' lang='lat' dir='ltr'><strong>{uibus</strong></span> <span class='ocrx_word' id='word_1_14' title='bbox 2583 534 2790 610; x_wconf 88' lang='lat' dir='ltr'><strong>cele-</strong></span> 
     </span>
     <span class='ocr_line' id='line_1_3' title="bbox 605 622 2792 726; baseline 0 -20"><span class='ocrx_word' id='word_1_15' title='bbox 605 628 1028 706; x_wconf 79' lang='lat' dir='ltr'><strong>brabantur</strong></span> <span class='ocrx_word' id='word_1_16' title='bbox 1077 622 1473 700; x_wconf 79' lang='lat' dir='ltr'><strong>admodum</strong></span> <span class='ocrx_word' id='word_1_17' title='bbox 1522 627 1967 724; x_wconf 82' lang='lat' dir='ltr'><strong>sumptuosa</strong></span> <span class='ocrx_word' id='word_1_18' title='bbox 2030 629 2248 700; x_wconf 88' lang='lat' dir='ltr'><strong>erant</strong></span> <span class='ocrx_word' id='word_1_19' title='bbox 2303 641 2370 726; x_wconf 87' lang='lat'><strong>).</strong></span> <span class='ocrx_word' id='word_1_20' title='bbox 2473 629 2792 707; x_wconf 83' lang='lat' dir='ltr'><strong>Illorum</strong></span> 
     </span>
     <span class='ocr_line' id='line_1_4' title="bbox 611 720 2795 828; baseline 0.001 -26"><span class='ocrx_word' id='word_1_21' title='bbox 611 727 760 802; x_wconf 85' lang='lat' dir='ltr'><strong>alia</strong></span> <span class='ocrx_word' id='word_1_22' title='bbox 809 722 1195 799; x_wconf 82' lang='lat' dir='ltr'><strong>veteribus</strong></span> <span class='ocrx_word' id='word_1_23' title='bbox 1246 721 1584 819; x_wconf 72' lang='lat' dir='ltr'><strong>legibus,</strong></span> <span class='ocrx_word' id='word_1_24' title='bbox 1636 726 1785 795; x_wconf 87' lang='lat' dir='ltr'><strong>alia</strong></span> <span class='ocrx_word' id='word_1_25' title='bbox 1832 720 2240 821; x_wconf 89' lang='lat' dir='ltr'><strong>postmodo</strong></span> <span class='ocrx_word' id='word_1_26' title='bbox 2286 726 2547 828; x_wconf 87' lang='lat' dir='ltr'><strong>populi</strong></span> <span class='ocrx_word' id='word_1_27' title='bbox 2575 734 2795 804; x_wconf 87' lang='lat' dir='ltr'><strong>scitis</strong></span> 
     </span>
     <span class='ocr_line' id='line_1_5' title="bbox 607 822 2793 915; baseline 0 -16"><span class='ocrx_word' id='word_1_28' title='bbox 607 824 954 900; x_wconf 86' lang='lat' dir='ltr'><strong>instituta</strong></span> <span class='ocrx_word' id='word_1_29' title='bbox 1017 824 1231 893; x_wconf 87' lang='lat' dir='ltr'><strong>erant</strong></span> <span class='ocrx_word' id='word_1_30' title='bbox 1256 823 1361 915; x_wconf 75' lang='lat' dir='ltr'><strong>⁶)z</strong></span> <span class='ocrx_word' id='word_1_31' title='bbox 1429 822 1507 893; x_wconf 90' lang='lat' dir='ltr'><strong>et</strong></span> <span class='ocrx_word' id='word_1_32' title='bbox 1556 822 1776 893; x_wconf 87' lang='lat' dir='ltr'><strong>erant</strong></span> <span class='ocrx_word' id='word_1_33' title='bbox 1820 824 1899 892; x_wconf 88' lang='lat' dir='ltr'><strong>in</strong></span> <span class='ocrx_word' id='word_1_34' title='bbox 1948 825 2375 897; x_wconf 82' lang='lat' dir='ltr'><strong>universum</strong></span> <span class='ocrx_word' id='word_1_35' title='bbox 2427 824 2614 898; x_wconf 87' lang='lat' dir='ltr'><strong>haec</strong></span> <span class='ocrx_word' id='word_1_36' title='bbox 2662 854 2793 901; x_wconf 85' lang='lat' dir='ltr'><strong>re-</strong></span> 
     </span>
     <span class='ocr_line' id='line_1_6' title="bbox 610 914 2792 1021; baseline 0 -24"><span class='ocrx_word' id='word_1_37' title='bbox 610 924 951 997; x_wconf 86' lang='lat' dir='ltr'><strong>centiora</strong></span> <span class='ocrx_word' id='word_1_38' title='bbox 998 914 1385 992; x_wconf 85' lang='lat' dir='ltr'><strong>veteribus</strong></span> <span class='ocrx_word' id='word_1_39' title='bbox 1431 915 1581 990; x_wconf 89' lang='lat' dir='ltr'><strong>illis</strong></span> <span class='ocrx_word' id='word_1_40' title='bbox 1630 919 1876 1015; x_wconf 78' lang='lat' dir='ltr'><strong>magis</strong></span> <span class='ocrx_word' id='word_1_41' title='bbox 1926 915 2320 1015; x_wconf 85' lang='lat' dir='ltr'><strong>splendida</strong></span> <span class='ocrx_word' id='word_1_42' title='bbox 2360 923 2438 995; x_wconf 83' lang='lat' dir='ltr'><strong>et</strong></span> <span class='ocrx_word' id='word_1_43' title='bbox 2494 927 2792 1021; x_wconf 80' lang='lat' dir='ltr'><strong>magni-</strong></span> 
     </span>
    </p>
   </div>
   <div class='ocr_carea' id='block_1_3' title="bbox 420 1011 2794 1117">
    <p class='ocr_par' dir='ltr' id='par_1_3' title="bbox 420 1011 2794 1117">
     <span class='ocr_line' id='line_1_7' title="bbox 420 1011 2794 1117; baseline 0.001 -26"><span class='ocrx_word' id='word_1_44' title='bbox 420 1011 435 1024; x_wconf 76' lang='grc'><strong><em>’</em></strong></span> <span class='ocrx_word' id='word_1_45' title='bbox 554 1018 760 1092; x_wconf 81' lang='lat' dir='ltr'><strong>‘fica</strong></span> <span class='ocrx_word' id='word_1_46' title='bbox 786 1019 877 1108; x_wconf 74' lang='grc'><strong>7).</strong></span> <span class='ocrx_word' id='word_1_47' title='bbox 976 1013 1143 1088; x_wconf 86' lang='lat' dir='ltr'><strong>Alia</strong></span> <span class='ocrx_word' id='word_1_48' title='bbox 1273 1040 1453 1087; x_wconf 89' lang='lat' dir='ltr'><strong>orro</strong></span> <span class='ocrx_word' id='word_1_49' title='bbox 1540 1016 1763 1087; x_wconf 87' lang='lat' dir='ltr'><strong>statis</strong></span> <span class='ocrx_word' id='word_1_50' title='bbox 1838 1017 2241 1114; x_wconf 75' lang='lat' dir='ltr'><strong>quotannis</strong></span> <span class='ocrx_word' id='word_1_51' title='bbox 2320 1018 2794 1117; x_wconf 77' lang='lat' dir='ltr'><strong>temporibus</strong></span> 
     </span>
    </p>
   </div>
   <div class='ocr_carea' id='block_1_4' title="bbox 574 1108 2816 3153">
    <p class='ocr_par' dir='ltr' id='par_1_4' title="bbox 574 1108 2816 3153">
     <span class='ocr_line' id='line_1_8' title="bbox 613 1108 2796 1208; baseline 0 -19"><span class='ocrx_word' id='word_1_52' title='bbox 613 1114 768 1189; x_wconf 85' lang='lat' dir='ltr'><strong>alia</strong></span> <span class='ocrx_word' id='word_1_53' title='bbox 837 1114 1060 1185; x_wconf 84' lang='lat' dir='ltr'><strong>extra</strong></span> <span class='ocrx_word' id='word_1_54' title='bbox 1120 1137 1209 1184; x_wconf 89' lang='lat' dir='ltr'><strong>or</strong></span> <span class='ocrx_word' id='word_1_55' title='bbox 1264 1115 1458 1184; x_wconf 93' lang='lat' dir='ltr'><strong>inem</strong></span> <span class='ocrx_word' id='word_1_56' title='bbox 1511 1114 1742 1184; x_wconf 88' lang='lat' dir='ltr'><strong>semel</strong></span> <span class='ocrx_word' id='word_1_57' title='bbox 1791 1108 2117 1185; x_wconf 77' lang='lat' dir='ltr'><strong>fiebant=</strong></span> <span class='ocrx_word' id='word_1_58' title='bbox 2183 1114 2332 1188; x_wconf 85' lang='lat' dir='ltr'><strong>alia</strong></span> <span class='ocrx_word' id='word_1_59' title='bbox 2400 1115 2796 1208; x_wconf 82' lang='lat' dir='ltr'><strong>sacrificiis</strong></span> 
     </span>
     <span class='ocr_line' id='line_1_9' title="bbox 609 1205 2789 1309; baseline 0.001 -25"><span class='ocrx_word' id='word_1_60' title='bbox 609 1212 901 1285; x_wconf 79' lang='lat' dir='ltr'><strong>tantum</strong></span> <span class='ocrx_word' id='word_1_61' title='bbox 957 1205 1438 1300; x_wconf 85' lang='lat' dir='ltr'><strong>constabant,</strong></span> <span class='ocrx_word' id='word_1_62' title='bbox 1490 1206 1660 1281; x_wconf 87' lang='lat' dir='ltr'><strong>aliis</strong></span> <span class='ocrx_word' id='word_1_63' title='bbox 1709 1210 1931 1282; x_wconf 85' lang='lat' dir='ltr'><strong>etiam</strong></span> <span class='ocrx_word' id='word_1_64' title='bbox 1958 1234 2403 1309; x_wconf 79' lang='lat' dir='ltr'><strong>pomparum</strong></span> <span class='ocrx_word' id='word_1_65' title='bbox 2434 1212 2789 1288; x_wconf 89' lang='lat' dir='ltr'><strong>solemni-</strong></span> 
     </span>
     <span class='ocr_line' id='line_1_10' title="bbox 614 1302 2790 1406; baseline 0 -24"><span class='ocrx_word' id='word_1_66' title='bbox 614 1310 816 1383; x_wconf 86' lang='lat' dir='ltr'><strong>tates</strong></span> <span class='ocrx_word' id='word_1_67' title='bbox 867 1302 1360 1405; x_wconf 87' lang='lat' dir='ltr'><strong>ludorumque</strong></span> <span class='ocrx_word' id='word_1_68' title='bbox 1411 1307 1488 1379; x_wconf 89' lang='lat' dir='ltr'><strong>et</strong></span> <span class='ocrx_word' id='word_1_69' title='bbox 1536 1307 2024 1378; x_wconf 70' lang='lat' dir='ltr'><strong>certaminum</strong></span> <span class='ocrx_word' id='word_1_70' title='bbox 2074 1313 2281 1381; x_wconf 88' lang='lat' dir='ltr'><strong>varia</strong></span> <span class='ocrx_word' id='word_1_71' title='bbox 2328 1335 2615 1406; x_wconf 79' lang='lat' dir='ltr'><strong>genera</strong></span> <span class='ocrx_word' id='word_1_72' title='bbox 2651 1307 2790 1383; x_wconf 87' lang='lat' dir='ltr'><strong>ad-</strong></span> 
     </span>
     <span class='ocr_line' id='line_1_11' title="bbox 608 1399 2791 1503; baseline 0.002 -26"><span class='ocrx_word' id='word_1_73' title='bbox 608 1406 869 1484; x_wconf 85' lang='lat' dir='ltr'><strong>iuncta</strong></span> <span class='ocrx_word' id='word_1_74' title='bbox 897 1410 1137 1496; x_wconf 84' lang='lat' dir='ltr'><strong>erant,</strong></span> <span class='ocrx_word' id='word_1_75' title='bbox 1185 1402 1390 1475; x_wconf 83' lang='lat' dir='ltr'><strong>velut</strong></span> <span class='ocrx_word' id='word_1_76' title='bbox 1412 1399 1990 1493; x_wconf 87' lang='lat' dir='ltr'><strong>Panathenaeis,</strong></span> <span class='ocrx_word' id='word_1_77' title='bbox 2043 1402 2506 1503; x_wconf 80' lang='lat' dir='ltr'><strong>Thargeliis,</strong></span> <span class='ocrx_word' id='word_1_78' title='bbox 2557 1405 2791 1481; x_wconf 87' lang='lat' dir='ltr'><strong>Eleu-</strong></span> 
     </span>
     <span class='ocr_line' id='line_1_12' title="bbox 613 1497 2793 1604; baseline 0 -27"><span class='ocrx_word' id='word_1_79' title='bbox 613 1506 868 1593; x_wconf 74' lang='lat' dir='ltr'><strong>siniis,</strong></span> <span class='ocrx_word' id='word_1_80' title='bbox 900 1501 1313 1599; x_wconf 75' lang='lat' dir='ltr'><strong>Dionysiis,</strong></span> <span class='ocrx_word' id='word_1_81' title='bbox 1362 1497 1861 1582; x_wconf 79' lang='lat' dir='ltr'><strong>Prometheis,</strong></span> <span class='ocrx_word' id='word_1_82' title='bbox 1912 1499 2433 1598; x_wconf 67' lang='lat' dir='ltr'><strong>HephaesteiS,</strong></span> <span class='ocrx_word' id='word_1_83' title='bbox 2472 1529 2793 1604; x_wconf 87' lang='lat' dir='ltr'><strong>quorum</strong></span> 
     </span>
     <span class='ocr_line' id='line_1_13' title="bbox 618 1594 2787 1701; baseline 0.002 -31"><span class='ocrx_word' id='word_1_84' title='bbox 618 1602 877 1701; x_wconf 88' lang='lat' dir='ltr'><strong>quanti</strong></span> <span class='ocrx_word' id='word_1_85' title='bbox 945 1603 1284 1694; x_wconf 81' lang='lat' dir='ltr'><strong>sumptus</strong></span> <span class='ocrx_word' id='word_1_86' title='bbox 1353 1594 1657 1688; x_wconf 80' lang='lat' dir='ltr'><strong>suerint,</strong></span> <span class='ocrx_word' id='word_1_87' title='bbox 1709 1599 1774 1668; x_wconf 89' lang='lat' dir='ltr'><strong>si</strong></span> <span class='ocrx_word' id='word_1_88' title='bbox 1823 1599 2011 1697; x_wconf 76' lang='lat' dir='ltr'><strong>quis,</strong></span> <span class='ocrx_word' id='word_1_89' title='bbox 2042 1602 2319 1672; x_wconf 83' lang='lat' dir='ltr'><strong>scenici</strong></span> <span class='ocrx_word' id='word_1_90' title='bbox 2368 1603 2787 1698; x_wconf 82' lang='lat' dir='ltr'><strong>apparatus</strong></span> 
     </span>
     <span class='ocr_line' id='line_1_14' title="bbox 610 1691 2790 1795; baseline 0 -25"><span class='ocrx_word' id='word_1_91' title='bbox 610 1692 1278 1795; x_wconf 83' lang='lat' dir='ltr'><strong>magnificentiam,</strong></span> <span class='ocrx_word' id='word_1_92' title='bbox 1357 1691 1848 1785; x_wconf 81' lang='lat' dir='ltr'><strong>saltatorum,</strong></span> <span class='ocrx_word' id='word_1_93' title='bbox 1936 1702 2365 1788; x_wconf 86' lang='lat' dir='ltr'><strong>cantorum,</strong></span> <span class='ocrx_word' id='word_1_94' title='bbox 2444 1698 2790 1771; x_wconf 84' lang='lat' dir='ltr'><strong>actorum</strong></span> 
     </span>
     <span class='ocr_line' id='line_1_15' title="bbox 613 1787 2797 1891; baseline 0 -22"><span class='ocrx_word' id='word_1_95' title='bbox 613 1818 1024 1891; x_wconf 88' lang='lat' dir='ltr'><strong>corumque</strong></span> <span class='ocrx_word' id='word_1_96' title='bbox 1093 1793 1219 1891; x_wconf 90' lang='lat' dir='ltr'><strong>qui</strong></span> <span class='ocrx_word' id='word_1_97' title='bbox 1293 1792 1667 1890; x_wconf 75' lang='lat' dir='ltr'><strong>gymnicis</strong></span> <span class='ocrx_word' id='word_1_98' title='bbox 1761 1787 2055 1863; x_wconf 88' lang='lat' dir='ltr'><strong>artibus</strong></span> <span class='ocrx_word' id='word_1_99' title='bbox 2141 1796 2498 1867; x_wconf 81' lang='lat' dir='ltr'><strong>certaturi</strong></span> <span class='ocrx_word' id='word_1_100' title='bbox 2576 1798 2797 1869; x_wconf 85' lang='lat' dir='ltr'><strong>erant</strong></span> 
     </span>
     <span class='ocr_line' id='line_1_16' title="bbox 611 1886 2792 1988; baseline 0.001 -24"><span class='ocrx_word' id='word_1_101' title='bbox 611 1889 1221 1965; x_wconf 85' lang='lat' dir='ltr'><strong>instruendorum</strong></span> <span class='ocrx_word' id='word_1_102' title='bbox 1289 1894 1365 1960; x_wconf 88' lang='lat' dir='ltr'><strong>et</strong></span> <span class='ocrx_word' id='word_1_103' title='bbox 1432 1886 2024 1960; x_wconf 86' lang='lat' dir='ltr'><strong>exercendorum</strong></span> <span class='ocrx_word' id='word_1_104' title='bbox 2086 1892 2502 1988; x_wconf 86' lang='lat' dir='ltr'><strong>impensas,</strong></span> <span class='ocrx_word' id='word_1_105' title='bbox 2617 1917 2792 1967; x_wconf 87' lang='lat' dir='ltr'><strong>rae-</strong></span> 
     </span>
     <span class='ocr_line' id='line_1_17' title="bbox 608 1917 2788 2085; baseline 0.002 -25"><span class='ocrx_word' id='word_1_106' title='bbox 608 1991 760 2060; x_wconf 87' lang='lat' dir='ltr'><strong>mia</strong></span> <span class='ocrx_word' id='word_1_107' title='bbox 812 1983 1129 2085; x_wconf 88' lang='lat' dir='ltr'><strong>denique</strong></span> <span class='ocrx_word' id='word_1_108' title='bbox 1177 1981 1598 2057; x_wconf 81' lang='lat' dir='ltr'><strong>victoribus</strong></span> <span class='ocrx_word' id='word_1_109' title='bbox 1624 1982 1905 2056; x_wconf 86' lang='lat' dir='ltr'><strong>tributa</strong></span> <span class='ocrx_word' id='word_1_110' title='bbox 1934 1992 2396 2083; x_wconf 87' lang='lat' dir='ltr'><strong>reputaverit</strong></span> <span class='ocrx_word' id='word_1_111' title='bbox 2422 1988 2509 2078; x_wconf 76' lang='lat'><strong>⁸),</strong></span> <span class='ocrx_word' id='word_1_112' title='bbox 2562 1917 2788 2064; x_wconf 52' lang='lat' dir='ltr'><strong>facile</strong></span> 
     </span>
     <span class='ocr_line' id='line_1_18' title="bbox 610 2081 2790 2180; baseline 0.002 -24"><span class='ocrx_word' id='word_1_113' title='bbox 610 2081 1350 2180; x_wconf 86' lang='lat' dir='ltr'><strong>aestimaripotest,</strong></span> <span class='ocrx_word' id='word_1_114' title='bbox 1412 2105 1654 2178; x_wconf 86' lang='lat' dir='ltr'><strong>neque</strong></span> <span class='ocrx_word' id='word_1_115' title='bbox 1718 2083 1936 2152; x_wconf 88' lang='lat' dir='ltr'><strong>nimis</strong></span> <span class='ocrx_word' id='word_1_116' title='bbox 2001 2108 2162 2155; x_wconf 92' lang='lat' dir='ltr'><strong>rem</strong></span> <span class='ocrx_word' id='word_1_117' title='bbox 2214 2110 2308 2157; x_wconf 87' lang='lat' dir='ltr'><strong>au</strong></span> <span class='ocrx_word' id='word_1_118' title='bbox 2372 2089 2579 2159; x_wconf 80' lang='lat' dir='ltr'><strong>cria</strong></span> <span class='ocrx_word' id='word_1_119' title='bbox 2627 2086 2790 2160; x_wconf 87' lang='lat' dir='ltr'><strong>De-</strong></span> 
     </span>
     <span class='ocr_line' id='line_1_19' title="bbox 610 2110 2789 2276; baseline 0.001 -22"><span class='ocrx_word' id='word_1_120' title='bbox 610 2178 1008 2254; x_wconf 84' lang='lat' dir='ltr'><strong>mosthene</strong></span> <span class='ocrx_word' id='word_1_121' title='bbox 1073 2176 1586 2268; x_wconf 76' lang='lat' dir='ltr'><strong>censebimuS,</strong></span> <span class='ocrx_word' id='word_1_122' title='bbox 1640 2203 1861 2276; x_wconf 90' lang='lat' dir='ltr'><strong>quum</strong></span> <span class='ocrx_word' id='word_1_123' title='bbox 1912 2182 2240 2254; x_wconf 88' lang='lat' dir='ltr'><strong>maiores</strong></span> <span class='ocrx_word' id='word_1_124' title='bbox 2292 2110 2453 2256; x_wconf 53' lang='lat' dir='ltr'><strong>gre</strong></span> <span class='ocrx_word' id='word_1_125' title='bbox 2502 2185 2583 2256; x_wconf 87' lang='lat' dir='ltr'><strong>in</strong></span> <span class='ocrx_word' id='word_1_126' title='bbox 2633 2183 2789 2256; x_wconf 80' lang='lat' dir='ltr'><strong>Pa-</strong></span> 
     </span>
     <span class='ocr_line' id='line_1_20' title="bbox 609 2274 2793 2393; baseline 0.001 -42"><span class='ocrx_word' id='word_1_127' title='bbox 609 2276 1037 2351; x_wconf 84' lang='lat' dir='ltr'><strong>nathenaea</strong></span> <span class='ocrx_word' id='word_1_128' title='bbox 1101 2280 1229 2348; x_wconf 90' lang='lat' dir='ltr'><strong>aut</strong></span> <span class='ocrx_word' id='word_1_129' title='bbox 1279 2275 1653 2368; x_wconf 85' lang='lat' dir='ltr'><strong>Dionysia</strong></span> <span class='ocrx_word' id='word_1_130' title='bbox 1717 2300 1937 2393; x_wconf 69' lang='lat' dir='ltr'><strong>quam</strong></span> <span class='ocrx_word' id='word_1_131' title='bbox 1996 2279 2070 2348; x_wconf 89' lang='lat' dir='ltr'><strong>in</strong></span> <span class='ocrx_word' id='word_1_132' title='bbox 2121 2274 2435 2352; x_wconf 84' lang='lat' dir='ltr'><strong>bellicas</strong></span> <span class='ocrx_word' id='word_1_133' title='bbox 2486 2283 2793 2380; x_wconf 84' lang='lat' dir='ltr'><strong>quasvis</strong></span> 
     </span>
     <span class='ocr_line' id='line_1_21' title="bbox 615 2369 2790 2473; baseline 0.001 -25"><span class='ocrx_word' id='word_1_134' title='bbox 615 2373 1146 2473; x_wconf 84' lang='lat' dir='ltr'><strong>expeditiones</strong></span> <span class='ocrx_word' id='word_1_135' title='bbox 1198 2373 1540 2469; x_wconf 89' lang='lat' dir='ltr'><strong>sumptus</strong></span> <span class='ocrx_word' id='word_1_136' title='bbox 1589 2369 1755 2444; x_wconf 74' lang='lat' dir='ltr'><strong>fieri</strong></span> <span class='ocrx_word' id='word_1_137' title='bbox 1782 2374 2119 2472; x_wconf 89' lang='lat' dir='ltr'><strong>queritur</strong></span> <span class='ocrx_word' id='word_1_138' title='bbox 2146 2376 2233 2466; x_wconf 85' lang='lat'><strong>9).</strong></span> <span class='ocrx_word' id='word_1_139' title='bbox 2332 2377 2621 2449; x_wconf 86' lang='lat' dir='ltr'><strong>Horum</strong></span> <span class='ocrx_word' id='word_1_140' title='bbox 2649 2402 2790 2450; x_wconf 88' lang='lat' dir='ltr'><strong>au-</strong></span> 
     </span>
     <span class='ocr_line' id='line_1_22' title="bbox 603 2470 2792 2572; baseline 0 -26"><span class='ocrx_word' id='word_1_141' title='bbox 603 2474 759 2546; x_wconf 81' lang='lat' dir='ltr'><strong>tem</strong></span> <span class='ocrx_word' id='word_1_142' title='bbox 827 2476 1247 2569; x_wconf 86' lang='lat' dir='ltr'><strong>sumptuum</strong></span> <span class='ocrx_word' id='word_1_143' title='bbox 1315 2470 1628 2544; x_wconf 57' lang='lat' dir='ltr'><strong>etiamsir</strong></span> <span class='ocrx_word' id='word_1_144' title='bbox 1669 2485 1962 2568; x_wconf 85' lang='lat' dir='ltr'><strong>partem</strong></span> <span class='ocrx_word' id='word_1_145' title='bbox 2025 2497 2177 2544; x_wconf 91' lang='lat' dir='ltr'><strong>non</strong></span> <span class='ocrx_word' id='word_1_146' title='bbox 2230 2477 2582 2572; x_wconf 82' lang='lat' dir='ltr'><strong>exiguam</strong></span> <span class='ocrx_word' id='word_1_147' title='bbox 2683 2478 2792 2547; x_wconf 91' lang='lat' dir='ltr'><strong>ri-</strong></span> 
     </span>
     <span class='ocr_line' id='line_1_23' title="bbox 574 2564 2791 2668; baseline 0.001 -25"><span class='ocrx_word' id='word_1_148' title='bbox 574 2573 763 2643; x_wconf 32' lang='lat' dir='ltr'><strong>*vati</strong></span> <span class='ocrx_word' id='word_1_149' title='bbox 826 2595 962 2668; x_wconf 86' lang='lat' dir='ltr'><strong>per</strong></span> <span class='ocrx_word' id='word_1_150' title='bbox 1027 2569 1378 2666; x_wconf 76' lang='lat' dir='ltr'><strong>liturgias</strong></span> <span class='ocrx_word' id='word_1_151' title='bbox 1442 2564 1972 2664; x_wconf 85' lang='lat' dir='ltr'><strong>praestabant,</strong></span> <span class='ocrx_word' id='word_1_152' title='bbox 2054 2572 2262 2644; x_wconf 87' lang='lat' dir='ltr'><strong>recte</strong></span> <span class='ocrx_word' id='word_1_153' title='bbox 2326 2579 2571 2644; x_wconf 88' lang='lat' dir='ltr'><strong>tamen</strong></span> <span class='ocrx_word' id='word_1_154' title='bbox 2690 2597 2791 2646; x_wconf 88' lang='lat' dir='ltr'><strong>oc</strong></span> 
     </span>
     <span class='ocr_line' id='line_1_24' title="bbox 605 2660 2816 2767; baseline 0.001 -26"><span class='ocrx_word' id='word_1_155' title='bbox 605 2671 878 2765; x_wconf 86' lang='lat' dir='ltr'><strong>ipsum,</strong></span> <span class='ocrx_word' id='word_1_156' title='bbox 932 2690 1154 2764; x_wconf 89' lang='lat' dir='ltr'><strong>quum</strong></span> <span class='ocrx_word' id='word_1_157' title='bbox 1206 2668 1317 2737; x_wconf 86' lang='lat' dir='ltr'><strong>rei</strong></span> <span class='ocrx_word' id='word_1_158' title='bbox 1368 2660 1716 2762; x_wconf 86' lang='lat' dir='ltr'><strong>publicae</strong></span> <span class='ocrx_word' id='word_1_159' title='bbox 1754 2665 2299 2761; x_wconf 75' lang='lat' dir='ltr'><strong>praestaretur,</strong></span> <span class='ocrx_word' id='word_1_160' title='bbox 2352 2665 2645 2767; x_wconf 85' lang='lat' dir='ltr'><strong>publice</strong></span> <span class='ocrx_word' id='word_1_161' title='bbox 2668 2672 2816 2759; x_wconf 66' lang='grc' dir='ltr'><strong>ἕως</strong></span> 
     </span>
     <span class='ocr_line' id='line_1_25' title="bbox 610 2761 2790 2953; baseline 0.002 -20"><span class='ocrx_word' id='word_1_162' title='bbox 610 2761 2179 2953; x_wconf 52' lang='lat' dir='ltr'><strong>{¹1¹1ssss‘uangrsssssimssssgffiaoesssssstss&#39;ffa‘ift&#39;f&#39;</strong></span> <span class='ocrx_word' id='word_1_163' title='bbox 2186 2774 2651 2936; x_wconf 44' lang='grc' dir='ltr'><strong>Ἤιῗὲἱὲι</strong></span> <span class='ocrx_word' id='word_1_164' title='bbox 2694 2792 2790 2938; x_wconf 68' lang='lat'><strong>¹3:</strong></span> 
     </span>
     <span class='ocr_line' id='line_1_26' title="bbox 605 2952 2787 3057; baseline 0.001 -27"><span class='ocrx_word' id='word_1_165' title='bbox 605 2984 802 3031; x_wconf 87' lang='lat' dir='ltr'><strong>naea</strong></span> <span class='ocrx_word' id='word_1_166' title='bbox 850 2955 1146 3057; x_wconf 87' lang='lat' dir='ltr'><strong>quidem</strong></span> <span class='ocrx_word' id='word_1_167' title='bbox 1198 2952 1497 3054; x_wconf 73' lang='lat' dir='ltr'><strong>olymp.</strong></span> <span class='ocrx_word' id='word_1_168' title='bbox 1549 2953 1799 3046; x_wconf 87' lang='lat' dir='ltr'><strong>XCII,</strong></span> <span class='ocrx_word' id='word_1_169' title='bbox 1849 2958 1895 3027; x_wconf 84' lang='lat'><strong>3</strong></span> <span class='ocrx_word' id='word_1_170' title='bbox 1951 2954 2384 3031; x_wconf 82' lang='lat' dir='ltr'><strong>athlothetis</strong></span> <span class='ocrx_word' id='word_1_171' title='bbox 2435 2984 2533 3033; x_wconf 84' lang='lat' dir='ltr'><strong>ex</strong></span> <span class='ocrx_word' id='word_1_172' title='bbox 2565 2974 2787 3034; x_wconf 81' lang='lat' dir='ltr'><strong>aera&#39;-</strong></span> 
     </span>
     <span class='ocr_line' id='line_1_27' title="bbox 607 3050 2789 3153; baseline 0.001 -24"><span class='ocrx_word' id='word_1_173' title='bbox 607 3058 727 3129; x_wconf 87' lang='lat' dir='ltr'><strong>rio</strong></span> <span class='ocrx_word' id='word_1_174' title='bbox 777 3057 1165 3127; x_wconf 83' lang='lat' dir='ltr'><strong>Minervae</strong></span> <span class='ocrx_word' id='word_1_175' title='bbox 1219 3055 1543 3152; x_wconf 86' lang='lat' dir='ltr'><strong>quinque</strong></span> <span class='ocrx_word' id='word_1_176' title='bbox 1595 3050 1883 3125; x_wconf 86' lang='lat' dir='ltr'><strong>talenta</strong></span> <span class='ocrx_word' id='word_1_177' title='bbox 1934 3078 2101 3126; x_wconf 89' lang='lat' dir='ltr'><strong>cum</strong></span> <span class='ocrx_word' id='word_1_178' title='bbox 2150 3053 2348 3129; x_wconf 89' lang='lat' dir='ltr'><strong>mille</strong></span> <span class='ocrx_word' id='word_1_179' title='bbox 2381 3054 2789 3153; x_wconf 77' lang='lat' dir='ltr'><strong>drachmiS,</strong></span> 
     </span>
    </p>
   </div>
   <div class='ocr_carea' id='block_1_5' title="bbox 612 3197 1002 3216">
    <p class='ocr_par' dir='ltr' id='par_1_5' title="bbox 612 3197 1002 3216">
     <span class='ocr_line' id='line_1_28' title="bbox 612 3197 1002 3216; baseline 0 1759"><span class='ocrx_word' id='word_1_180' title='bbox 612 3197 1002 3216; x_wconf 95' lang='lat' dir='ltr'><strong> </strong></span> 
     </span>
    </p>
   </div>
   <div class='ocr_carea' id='block_1_6' title="bbox 605 3244 2789 3477">
    <p class='ocr_par' dir='ltr' id='par_1_6' title="bbox 605 3244 2789 3477">
     <span class='ocr_line' id='line_1_29' title="bbox 748 3244 2789 3332; baseline 0.002 -19"><span class='ocrx_word' id='word_1_181' title='bbox 748 3259 810 3327; x_wconf 86' lang='lat'><strong>5)</strong></span> <span class='ocrx_word' id='word_1_182' title='bbox 864 3262 942 3318; x_wconf 83' lang='lat' dir='ltr'><strong>V.</strong></span> <span class='ocrx_word' id='word_1_183' title='bbox 995 3279 1044 3314; x_wconf 89' lang='lat' dir='ltr'><strong>o.</strong></span> <span class='ocrx_word' id='word_1_184' title='bbox 1098 3265 1161 3314; x_wconf 80' lang='lat' dir='ltr'><strong>in</strong></span> <span class='ocrx_word' id='word_1_185' title='bbox 1214 3262 1376 3332; x_wconf 82' lang='lat' dir='ltr'><strong>pagis</strong></span> <span class='ocrx_word' id='word_1_186' title='bbox 1428 3260 1599 3311; x_wconf 85' lang='lat' dir='ltr'><strong>etiam</strong></span> <span class='ocrx_word' id='word_1_187' title='bbox 1653 3256 1779 3312; x_wconf 88' lang='lat' dir='ltr'><strong>ludi</strong></span> <span class='ocrx_word' id='word_1_188' title='bbox 1818 3244 1878 3312; x_wconf 70' lang='lat' dir='ltr'><strong>et</strong></span> <span class='ocrx_word' id='word_1_189' title='bbox 1910 3261 2162 3330; x_wconf 73' lang='lat' dir='ltr'><strong>gymnici</strong></span> <span class='ocrx_word' id='word_1_190' title='bbox 2201 3264 2259 3313; x_wconf 82' lang='lat' dir='ltr'><strong>et</strong></span> <span class='ocrx_word' id='word_1_191' title='bbox 2292 3264 2494 3315; x_wconf 79' lang='lat' dir='ltr'><strong>musici</strong></span> <span class='ocrx_word' id='word_1_192' title='bbox 2531 3262 2789 3316; x_wconf 83' lang='lat' dir='ltr'><strong>celebra-</strong></span> 
     </span>
     <span class='ocr_line' id='line_1_30' title="bbox 605 3329 2782 3404; baseline 0.001 -20"><span class='ocrx_word' id='word_1_193' title='bbox 605 3331 833 3384; x_wconf 73' lang='lat' dir='ltr'><strong>bantur.</strong></span> <span class='ocrx_word' id='word_1_194' title='bbox 905 3332 1042 3385; x_wconf 80' lang='lat' dir='ltr'><strong>vid.</strong></span> <span class='ocrx_word' id='word_1_195' title='bbox 1095 3351 1297 3386; x_wconf 85' lang='lat' dir='ltr'><strong>comm.</strong></span> <span class='ocrx_word' id='word_1_196' title='bbox 1345 3333 1406 3383; x_wconf 86' lang='lat' dir='ltr'><strong>in</strong></span> <span class='ocrx_word' id='word_1_197' title='bbox 1454 3332 1605 3385; x_wconf 79' lang='lat' dir='ltr'><strong>Isae.</strong></span> <span class='ocrx_word' id='word_1_198' title='bbox 1657 3342 1712 3394; x_wconf 92' lang='grc' dir='ltr'><strong>Ρ.</strong></span> <span class='ocrx_word' id='word_1_199' title='bbox 1761 3329 1886 3384; x_wconf 83' lang='grc'><strong>387.</strong></span> <span class='ocrx_word' id='word_1_200' title='bbox 1964 3333 2137 3404; x_wconf 82' lang='lat' dir='ltr'><strong>Corp.</strong></span> <span class='ocrx_word' id='word_1_201' title='bbox 2187 3333 2367 3385; x_wconf 85' lang='lat' dir='ltr'><strong>Inscr.</strong></span> <span class='ocrx_word' id='word_1_202' title='bbox 2423 3353 2521 3387; x_wconf 85' lang='lat' dir='ltr'><strong>no.</strong></span> <span class='ocrx_word' id='word_1_203' title='bbox 2581 3337 2684 3390; x_wconf 85' lang='lat'><strong>108</strong></span> <span class='ocrx_word' id='word_1_204' title='bbox 2722 3348 2782 3400; x_wconf 92' lang='grc' dir='ltr'><strong>Ρ.</strong></span> 
     </span>
     <span class='ocr_line' id='line_1_31' title="bbox 608 3401 2782 3477; baseline 0.001 -21"><span class='ocrx_word' id='word_1_205' title='bbox 608 3405 731 3457; x_wconf 82' lang='lat'><strong>150.</strong></span> <span class='ocrx_word' id='word_1_206' title='bbox 800 3406 892 3456; x_wconf 87' lang='lat' dir='ltr'><strong>De</strong></span> <span class='ocrx_word' id='word_1_207' title='bbox 937 3403 1121 3476; x_wconf 72' lang='lat' dir='ltr'><strong>epulis</strong></span> <span class='ocrx_word' id='word_1_208' title='bbox 1177 3403 1573 3458; x_wconf 81' lang='lat' dir='ltr'><strong>communibus</strong></span> <span class='ocrx_word' id='word_1_209' title='bbox 1617 3401 1915 3458; x_wconf 82' lang='lat' dir='ltr'><strong>tribulium</strong></span> <span class='ocrx_word' id='word_1_210' title='bbox 1964 3410 2024 3458; x_wconf 82' lang='lat' dir='ltr'><strong>et</strong></span> <span class='ocrx_word' id='word_1_211' title='bbox 2069 3421 2425 3477; x_wconf 70' lang='lat' dir='ltr'><strong>paganorum</strong></span> <span class='ocrx_word' id='word_1_212' title='bbox 2477 3407 2596 3460; x_wconf 75' lang='lat' dir='ltr'><strong>vid.</strong></span> <span class='ocrx_word' id='word_1_213' title='bbox 2642 3407 2782 3463; x_wconf 83' lang='lat' dir='ltr'><strong>infr.</strong></span> 
     </span>
    </p>
   </div>
   <div class='ocr_carea' id='block_1_7' title="bbox 609 3474 906 3543">
    <p class='ocr_par' dir='ltr' id='par_1_7' title="bbox 609 3474 906 3543">
     <span class='ocr_line' id='line_1_32' title="bbox 609 3474 906 3543; baseline 0.007 -14"><span class='ocrx_word' id='word_1_214' title='bbox 609 3474 676 3542; x_wconf 87' lang='lat'><strong>§.·</strong></span> <span class='ocrx_word' id='word_1_215' title='bbox 697 3475 783 3543; x_wconf 80' lang='lat'><strong>79,</strong></span> <span class='ocrx_word' id='word_1_216' title='bbox 821 3477 906 3531; x_wconf 80' lang='lat'><strong>13.</strong></span> 
     </span>
    </p>
   </div>
   <div class='ocr_carea' id='block_1_8' title="bbox 603 3576 2790 3997">
    <p class='ocr_par' dir='ltr' id='par_1_8' title="bbox 603 3576 2790 3997">
     <span class='ocr_line' id='line_1_33' title="bbox 749 3576 2781 3655; baseline 0 -18"><span class='ocrx_word' id='word_1_217' title='bbox 749 3578 816 3651; x_wconf 78' lang='lat'><strong>6)</strong></span> <span class='ocrx_word' id='word_1_218' title='bbox 854 3579 1007 3636; x_wconf 72' lang='lat' dir='ltr'><strong>vid.</strong></span> <span class='ocrx_word' id='word_1_219' title='bbox 1041 3580 1320 3652; x_wconf 75' lang='lat' dir='ltr'><strong>Hal-pocr-</strong></span> <span class='ocrx_word' id='word_1_220' title='bbox 1382 3598 1430 3633; x_wconf 78' lang='lat' dir='ltr'><strong>s.</strong></span> <span class='ocrx_word' id='word_1_221' title='bbox 1466 3599 1525 3633; x_wconf 84' lang='lat' dir='ltr'><strong>v·</strong></span> <span class='ocrx_word' id='word_1_222' title='bbox 1558 3576 1813 3638; x_wconf 69' lang='grc' dir='ltr'><strong>ἐπιθετυῦς</strong></span> <span class='ocrx_word' id='word_1_223' title='bbox 1841 3579 2027 3655; x_wconf 66' lang='grc' dir='ltr'><strong>ἑορτάς.</strong></span> <span class='ocrx_word' id='word_1_224' title='bbox 2102 3581 2242 3637; x_wconf 78' lang='lat' dir='ltr'><strong>Lex.</strong></span> <span class='ocrx_word' id='word_1_225' title='bbox 2283 3583 2528 3654; x_wconf 76' lang='lat' dir='ltr'><strong>Seguer.</strong></span> <span class='ocrx_word' id='word_1_226' title='bbox 2564 3601 2619 3655; x_wconf 84' lang='lat' dir='ltr'><strong>p.</strong></span> <span class='ocrx_word' id='word_1_227' title='bbox 2652 3583 2781 3643; x_wconf 74' lang='lat'><strong>253,</strong></span> 
     </span>
     <span class='ocr_line' id='line_1_34' title="bbox 605 3652 2790 3727; baseline 0 -20"><span class='ocrx_word' id='word_1_228' title='bbox 605 3654 890 3707; x_wconf 76' lang='lat' dir='ltr'><strong>Mirificus</strong></span> <span class='ocrx_word' id='word_1_229' title='bbox 932 3660 1020 3707; x_wconf 80' lang='lat' dir='ltr'><strong>est</strong></span> <span class='ocrx_word' id='word_1_230' title='bbox 1052 3654 1270 3706; x_wconf 83' lang='lat' dir='ltr'><strong>Bremii</strong></span> <span class='ocrx_word' id='word_1_231' title='bbox 1308 3670 1495 3716; x_wconf 81' lang='lat' dir='ltr'><strong>error,</strong></span> <span class='ocrx_word' id='word_1_232' title='bbox 1558 3657 1658 3725; x_wconf 79' lang='lat' dir='ltr'><strong>qui</strong></span> <span class='ocrx_word' id='word_1_233' title='bbox 1695 3652 1768 3705; x_wconf 82' lang='lat' dir='ltr'><strong>ad</strong></span> <span class='ocrx_word' id='word_1_234' title='bbox 1804 3652 1940 3723; x_wconf 67' lang='lat' dir='ltr'><strong>lays.</strong></span> <span class='ocrx_word' id='word_1_235' title='bbox 1975 3655 2037 3706; x_wconf 84' lang='lat' dir='ltr'><strong>in</strong></span> <span class='ocrx_word' id='word_1_236' title='bbox 2074 3655 2301 3709; x_wconf 86' lang='lat' dir='ltr'><strong>Nicom.</strong></span> <span class='ocrx_word' id='word_1_237' title='bbox 2344 3653 2395 3727; x_wconf 84' lang='lat'><strong>§.</strong></span> <span class='ocrx_word' id='word_1_238' title='bbox 2434 3659 2506 3710; x_wconf 82' lang='lat'><strong>20</strong></span> <span class='ocrx_word' id='word_1_239' title='bbox 2542 3654 2790 3708; x_wconf 64' lang='lat' dir='ltr'><strong>Solonis.</strong></span> 
     </span>
     <span class='ocr_line' id='line_1_35' title="bbox 607 3721 2781 3794; baseline 0.001 -16"><span class='ocrx_word' id='word_1_240' title='bbox 607 3725 835 3794; x_wconf 75' lang='lat' dir='ltr'><strong>legibus</strong></span> <span class='ocrx_word' id='word_1_241' title='bbox 870 3729 983 3780; x_wconf 65' lang='lat' dir='ltr'><strong>tria</strong></span> <span class='ocrx_word' id='word_1_242' title='bbox 1015 3743 1136 3781; x_wconf 79' lang='lat' dir='ltr'><strong>non</strong></span> <span class='ocrx_word' id='word_1_243' title='bbox 1171 3723 1412 3794; x_wconf 75' lang='lat' dir='ltr'><strong>amplius</strong></span> <span class='ocrx_word' id='word_1_244' title='bbox 1448 3721 1668 3777; x_wconf 80' lang='lat' dir='ltr'><strong>talenta</strong></span> <span class='ocrx_word' id='word_1_245' title='bbox 1703 3727 1910 3778; x_wconf 76' lang='lat' dir='ltr'><strong>annuis</strong></span> <span class='ocrx_word' id='word_1_246' title='bbox 1945 3726 2241 3780; x_wconf 77' lang='lat' dir='ltr'><strong>sacrificiis</strong></span> <span class='ocrx_word' id='word_1_247' title='bbox 2278 3727 2566 3781; x_wconf 77' lang='lat' dir='ltr'><strong>destinata</strong></span> <span class='ocrx_word' id='word_1_248' title='bbox 2601 3725 2781 3780; x_wconf 77' lang='lat' dir='ltr'><strong>fuisse</strong></span> 
     </span>
     <span class='ocr_line' id='line_1_36' title="bbox 609 3793 2777 3869; baseline 0.002 -19"><span class='ocrx_word' id='word_1_249' title='bbox 609 3815 644 3850; x_wconf 82' lang='grc' dir='ltr'><strong>ο</strong></span> <span class='ocrx_word' id='word_1_250' title='bbox 678 3797 888 3867; x_wconf 72' lang='lat' dir='ltr'><strong>Lysiae</strong></span> <span class='ocrx_word' id='word_1_251' title='bbox 936 3798 1068 3851; x_wconf 89' lang='lat' dir='ltr'><strong>loco</strong></span> <span class='ocrx_word' id='word_1_252' title='bbox 1123 3795 1273 3849; x_wconf 83' lang='lat' dir='ltr'><strong>male</strong></span> <span class='ocrx_word' id='word_1_253' title='bbox 1324 3793 1622 3849; x_wconf 80' lang='lat' dir='ltr'><strong>intellecto</strong></span> <span class='ocrx_word' id='word_1_254' title='bbox 1670 3795 1909 3866; x_wconf 76' lang='lat' dir='ltr'><strong>colligit.</strong></span> <span class='ocrx_word' id='word_1_255' title='bbox 1978 3796 2192 3869; x_wconf 84' lang='lat' dir='ltr'><strong>Neque</strong></span> <span class='ocrx_word' id='word_1_256' title='bbox 2239 3805 2430 3853; x_wconf 80' lang='lat' dir='ltr'><strong>tamen</strong></span> <span class='ocrx_word' id='word_1_257' title='bbox 2478 3798 2777 3855; x_wconf 75' lang='lat' dir='ltr'><strong>Boeckhio</strong></span> 
     </span>
     <span class='ocr_line' id='line_1_37' title="bbox 603 3868 2780 3995; baseline 0.002 -74"><span class='ocrx_word' id='word_1_258' title='bbox 603 3872 937 3995; x_wconf 46' lang='lat' dir='ltr'><strong>fatenda}</strong></span> <span class='ocrx_word' id='word_1_259' title='bbox 984 3871 1080 3994; x_wconf 63' lang='lat' dir='ltr'><strong>qpi</strong></span> <span class='ocrx_word' id='word_1_260' title='bbox 1127 3870 1199 3922; x_wconf 83' lang='lat' dir='ltr'><strong>de</strong></span> <span class='ocrx_word' id='word_1_261' title='bbox 1225 3886 1369 3993; x_wconf 61' lang='grc' dir='ltr'><strong>Ὃῒο.</strong></span> <span class='ocrx_word' id='word_1_262' title='bbox 1412 3869 1485 3926; x_wconf 81' lang='grc' dir='ltr'><strong>Δ.</strong></span> <span class='ocrx_word' id='word_1_263' title='bbox 1526 3868 1560 3921; x_wconf 93' lang='grc'>1</span> <span class='ocrx_word' id='word_1_264' title='bbox 1610 3879 1664 3934; x_wconf 94' lang='grc' dir='ltr'><strong>Ρ.</strong></span> <span class='ocrx_word' id='word_1_265' title='bbox 1703 3869 1811 3923; x_wconf 74' lang='lat'><strong>227</strong></span> <span class='ocrx_word' id='word_1_266' title='bbox 1862 3870 1976 3922; x_wconf 78' lang='lat' dir='ltr'><strong>tria</strong></span> <span class='ocrx_word' id='word_1_267' title='bbox 2020 3868 2127 3924; x_wconf 78' lang='lat' dir='ltr'><strong>illa</strong></span> <span class='ocrx_word' id='word_1_268' title='bbox 2161 3870 2382 3925; x_wconf 76' lang='lat' dir='ltr'><strong>talenta</strong></span> <span class='ocrx_word' id='word_1_269' title='bbox 2417 3875 2520 3925; x_wconf 86' lang='lat' dir='ltr'><strong>nni</strong></span> <span class='ocrx_word' id='word_1_270' title='bbox 2554 3872 2780 3926; x_wconf 82' lang='lat' dir='ltr'><strong>cuidam</strong></span> 
     </span>
     <span class='ocr_line' id='line_1_38' title="bbox 634 3958 1327 3997; baseline -0.004 -1"><span class='ocrx_word' id='word_1_271' title='bbox 634 3958 695 3996; x_wconf 81' lang='lat' dir='ltr'><strong>es</strong></span> <span class='ocrx_word' id='word_1_272' title='bbox 723 3960 758 3993; x_wconf 93' lang='lat' dir='ltr'><strong>o</strong></span> <span class='ocrx_word' id='word_1_273' title='bbox 831 3959 893 3993; x_wconf 80' lang='lat' dir='ltr'><strong>es</strong></span> <span class='ocrx_word' id='word_1_274' title='bbox 920 3959 1016 3993; x_wconf 81' lang='lat' dir='ltr'><strong>ma</strong></span> <span class='ocrx_word' id='word_1_275' title='bbox 1043 3961 1076 3995; x_wconf 81' lang='lat' dir='ltr'><strong>a</strong></span> <span class='ocrx_word' id='word_1_276' title='bbox 1113 3959 1282 3997; x_wconf 80' lang='lat' dir='ltr'><strong>oense</strong></span> <span class='ocrx_word' id='word_1_277' title='bbox 1311 3977 1327 3993; x_wconf 87' lang='lat'><strong>.</strong></span> 
     </span>
    </p>
   </div>
   <div class='ocr_carea' id='block_1_9' title="bbox 601 4045 2779 4187">
    <p class='ocr_par' dir='ltr' id='par_1_9' title="bbox 601 4045 2779 4187">
     <span class='ocr_line' id='line_1_39' title="bbox 601 4045 2779 4187; baseline 0 -85"><span class='ocrx_word' id='word_1_278' title='bbox 601 4120 638 4177; x_wconf 74' lang='lat'>1</span> <span class='ocrx_word' id='word_1_279' title='bbox 672 4131 709 4187; x_wconf 65' lang='lat' dir='ltr'>P</span> <span class='ocrx_word' id='word_1_280' title='bbox 741 4045 1086 4175; x_wconf 34' lang='lat' dir='ltr'><strong>⁷232g⁸⁰⁰¹⁸u</strong></span> <span class='ocrx_word' id='word_1_281' title='bbox 1121 4049 1337 4119; x_wconf 73' lang='lat' dir='ltr'><strong>Areop.</strong></span> <span class='ocrx_word' id='word_1_282' title='bbox 1374 4063 1425 4102; x_wconf 85' lang='grc' dir='ltr'><strong>ο.</strong></span> <span class='ocrx_word' id='word_1_283' title='bbox 1462 4045 1554 4103; x_wconf 90' lang='lat'><strong>11.</strong></span> <span class='ocrx_word' id='word_1_284' title='bbox 1609 4046 1917 4117; x_wconf 76' lang='lat' dir='ltr'><strong>Bergman.</strong></span> <span class='ocrx_word' id='word_1_285' title='bbox 1958 4065 2157 4103; x_wconf 86' lang='lat' dir='ltr'><strong>comm.</strong></span> <span class='ocrx_word' id='word_1_286' title='bbox 2183 4062 2240 4117; x_wconf 93' lang='grc' dir='ltr'><strong>Ρ.</strong></span> <span class='ocrx_word' id='word_1_287' title='bbox 2269 4048 2374 4106; x_wconf 80' lang='grc'><strong>116</strong></span> <span class='ocrx_word' id='word_1_288' title='bbox 2394 4068 2482 4122; x_wconf 78' lang='lat' dir='ltr'><strong>sq.</strong></span> <span class='ocrx_word' id='word_1_289' title='bbox 2518 4047 2779 4106; x_wconf 77' lang='lat' dir='ltr'><strong>Boeclth.</strong></span> 
     </span>
    </p>
   </div>
   <div class='ocr_carea' id='block_1_10' title="bbox 731 4225 2309 4409">
    <p class='ocr_par' dir='ltr' id='par_1_10' title="bbox 731 4225 2309 4409">
     <span class='ocr_line' id='line_1_40' title="bbox 736 4225 2309 4299; baseline 0.001 -16"><span class='ocrx_word' id='word_1_290' title='bbox 736 4225 821 4297; x_wconf 81' lang='lat'><strong>8)·</strong></span> <span class='ocrx_word' id='word_1_291' title='bbox 841 4227 931 4284; x_wconf 75' lang='lat' dir='ltr'><strong>Of.</strong></span> <span class='ocrx_word' id='word_1_292' title='bbox 971 4225 1234 4299; x_wconf 82' lang='lat' dir='ltr'><strong>exempla</strong></span> <span class='ocrx_word' id='word_1_293' title='bbox 1272 4226 1422 4297; x_wconf 82' lang='lat' dir='ltr'><strong>apud</strong></span> <span class='ocrx_word' id='word_1_294' title='bbox 1457 4225 1814 4282; x_wconf 79' lang='lat' dir='ltr'><strong>Boeckhinm</strong></span> <span class='ocrx_word' id='word_1_295' title='bbox 1853 4240 1907 4295; x_wconf 93' lang='grc' dir='ltr'><strong>Ρ.</strong></span> <span class='ocrx_word' id='word_1_296' title='bbox 1943 4228 2051 4286; x_wconf 77' lang='lat'><strong>132</strong></span> <span class='ocrx_word' id='word_1_297' title='bbox 2087 4234 2148 4283; x_wconf 80' lang='lat' dir='ltr'><strong>et</strong></span> <span class='ocrx_word' id='word_1_298' title='bbox 2185 4228 2309 4284; x_wconf 75' lang='lat'><strong>229.</strong></span> 
     </span>
     <span class='ocr_line' id='line_1_41' title="bbox 731 4329 1792 4409; baseline 0 -19"><span class='ocrx_word' id='word_1_299' title='bbox 731 4329 798 4404; x_wconf 81' lang='lat'><strong>9)</strong></span> <span class='ocrx_word' id='word_1_300' title='bbox 836 4332 1132 4390; x_wconf 75' lang='lat' dir='ltr'><strong>Demosth.</strong></span> <span class='ocrx_word' id='word_1_301' title='bbox 1169 4333 1418 4409; x_wconf 83' lang='lat' dir='ltr'><strong>Philipp.</strong></span> <span class='ocrx_word' id='word_1_302' title='bbox 1455 4337 1486 4390; x_wconf 92' lang='lat'>1</span> <span class='ocrx_word' id='word_1_303' title='bbox 1523 4349 1580 4404; x_wconf 93' lang='grc' dir='ltr'><strong>Ρ.</strong></span> <span class='ocrx_word' id='word_1_304' title='bbox 1615 4338 1704 4405; x_wconf 81' lang='lat'><strong>50,</strong></span> <span class='ocrx_word' id='word_1_305' title='bbox 1740 4336 1792 4390; x_wconf 81' lang='lat'><strong>3.</strong></span> 
     </span>
    </p>
   </div>
  </div>
 </body>
</html>
