3067 4975
572 315 577 326 ’
626 362 778 440 408
1003 366 1153 457 Π.
1201 367 1325 441 Do
1366 366 1756 470 smmum
1799 368 2000 444 aaa
2039 372 2414 465 gemtum.

630 552 811 645 post
859 547 1078 620 annis
1127 570 1228 620 ex
1280 547 1524 626 amico
1554 547 1824 625 'hostis
1875 553 2259 627 extitisset
2281 556 2423 647 35),
2489 558 2668 632 victi
2709 559 2805 635 ad

632 642 1153 718 Chaeroneam
1203 640 1560 719 Thebani
1609 650 1686 721 et
1749 648 1843 724 de
1893 651 2051 723 anti
2104 675 2204 723 uo
2256 651 2457 724 statu
2509 658 2587 728 in
2636 683 2809 756 per-

627 746 939 841 petuum
992 739 1262 817 deiecti
1315 749 1511 817 sunt.
1613 743 1729 819 Ab
1771 746 2064 820 Alexan
2122 773 2210 821 ro
2265 746 2534 826 deinde
2584 745 2830 828 etiam*

624 836 815 912 urbs
868 864 1131 912 eorum
1182 838 1472 939 deleta3
1544 869 1740 944 quae
1807 843 1982 919 licet
2027 847 2208 943 post
2268 873 2316 919 a
2366 850 2805 926 Cassandro

624 938 978 1010 restituta
1029 942 1151 1031 sit,
1202 964 1579 1041 nunquam
1632 945 1881 1015 tamen
1930 940 2251 1043 posthac
2293 948 2497 1019 vires
2523 973 2805 1024 resum-

623 1037 802 1131 psit.
901 1034 1207 1110 Foedus
1256 1048 1500 1113 autem
1551 1041 2019 1112 Boeotorum
2089 1044 2313 1114 etiam
2375 1052 2555 1141 post
2618 1045 2806 1122 haec

623 1139 969 1228 tempora
1018 1137 1493 1234 perduravit,
1549 1134 2071 1229 Orchomeno,
2122 1138 2504 1232 Plataeis,
2556 1140 2803 1216 Thes-

622 1229 772 1324 piis
797 1235 979 1324 post
1012 1259 1343 1332 pugnam
1380 1233 1994 1307 Chaeronensem
2021 1235 2389 1308 restitutis
2413 1239 2537 1331 ³⁶),
2566 1244 2804 1312 omni-

621 1331 918 1423 busque
953 1330 1570 1404 a'rhebanorum
1622 1325 2128 1403 dominatione
2178 1330 2548 1406 liberatis.
2635 1338 2803 1409 Ma-

621 1426 995 1520 gistratus
1070 1428 1403 1501 foederis
1468 1451 1622 1500 non
1694 1425 2263 1502 boeotarchi
2327 1428 2604 1523 solum,
2663 1430 2801 1507 sed

625 1530 850 1602 etiam
902 1526 1406 1620 archontes
1458 1529 1538 1599 et
1584 1525 2161 1613 α’φεδριατεύοντες
2182 1528 2319 1618 37),
2387 1553 2528 1625 pro
2583 1545 2799 1630 quat-

620 1633 797 1699 tuor
841 1621 1233 1697 senatibus
1286 1623 1533 1699 autem
1588 1623 2044 1728 synedrium,
2093 1627 2496 1724 praeterea
2547 1629 2800 1700 conci-

619 1721 797 1797 lium
829 1745 1127 1823 quoque
1155 1720 1651 1797 multitudinis
1678 1729 2359 1799 commemorantur
2383 1723 2505 1819 ³⁸).
2591 1720 2796 1799 Sub-

373 1863 378 1871 ·
496 1819 501 1824 ’
590 1819 848 1898 ⁴latum
901 1818 1173 1893 foedus
1225 1847 1271 1893 a
1317 1823 1687 1896 Romanis
1739 1826 2004 1897 Persei
2052 1819 2502 1894 Macedonis
2563 1817 2797 1915 bello,

619 1917 698 1994 et
744 1923 1015 1991 iterum
1064 1916 1393 1995 fortasse
1444 1927 1619 2019 post
1649 1921 2091 1996 Corinthum
2137 1916 2459 1991 deletam
2482 1921 2604 2012 39),
2655 1944 2796 2021 Ρο-

618 2018 785 2092 stea
832 2019 1080 2089 tamen
1134 2017 1572 2089 restitutum
1610 2024 1685 2090 et
1745 2017 1886 2092 sub
1951 2013 2544 2115 imperatoribus
2603 2042 2793 2118 quo.-

617 2137 761 2218 que
811 2113 938 2187 diu
985 2117 1366 2188 servatum
1418 2121 1539 2189 est
1561 2113 1688 2215 ⁴⁰).
1799 2189 1806 2198 ,

756 2322 857 2396 35)
897 2284 1327 2378 (31.1)εωοεῑὶι.
1364 2324 1438 2379 de
1474 2344 1617 2398 paee
1652 2346 1710 2399 p.
1749 2326 1840 2381 62.
1909 2325 2105 2398 Philip
2147 2362 2161 2378 .
2196 2325 2257 2379 11
2301 2343 2357 2396 p.
2403 2322 2473 2380 67
2524 2327 2664 2378 extr.
2719 2322 2789 2377 de

611 2397 654 2453 f.
693 2396 805 2467 leg.
839 2417 898 2469 Ρ.
935 2396 1059 2450 385.
1100 2391 1171 2449 de
1209 2395 1458 2471 Philippi
1496 2417 1526 2450 e
1570 2401 1659 2451 ist.
1694 2419 1749 2472 p.
1788 2398 1910 2453 153.
1990 2346 2234 2469 Philipp.
2271 2397 2392 2466 111,
2439 2398 2564 2452 120.
2634 2395 2788 2451 Add.

608 2467 973 2526 Winiewski
1009 2488 1212 2525 eomm-
1249 2468 1380 2524 hist.
1418 2473 1480 2525 in
1580 2489 1687 2524 em.
1721 2489 1810 2529 or.
1850 2469 1921 2526 de
1958 2491 2078 2524 eor.
2113 2490 2172 2542 p.
2208 2471 2333 2524 223.

752 2579 862 2644 36).
886 2580 980 2632 De
1015 2578 1269 2633 Platacis
1320 2585 1377 2632 et
1393 2577 1760 2633 Orchomeno
1811 2578 2129 2651 aPhilippo
2168 2583 2298 2643 post
2332 2597 2582 2649 pugnam
2603 2577 2788 2631 Chae-

606 2669 915 2705 ronensem
951 2653 1283 2705 instauratis
1319 2650 1395 2704 cf.
1430 2652 1678 2704 Pausan.
1716 2653 1824 2720 lx,
1864 2652 1894 2705 1
1936 2658 2078 2704 extr.
2112 2652 2181 2705 37
2223 2656 2364 2703 extr.
2408 2651 2526 2720 IV,
2575 2650 2676 2717 27,
2729 2652 2785 2708 5.

603 2725 892 2779 Dissentit
925 2729 1117 2777 tamen
1150 2726 1382 2779 Arx-ian.
1417 2724 1462 2792 1,
1499 2723 1536 2776 9
1575 2729 1750 2792 extr„
1790 2727 1888 2796 qui
1923 2723 1985 2777 id
2020 2722 2354 2777 Alexandro
2390 2722 2611 2778 tribuit.

751 2827 853 2900 37)
872 2827 1082 2901 ’Ἄρχων
1116 2850 1242 2884 cum
1282 2838 1518 2902 septem,
1556 2836 1623 2882 ut
1656 2829 1915 2896 videtur,
1960 2829 2325 2882 boeotarchis
2363 2836 2452 2884 est
2485 2833 2545 2885 in
2582 2833 2788 2885 inscri-

604 2904 803 2976 ptione
841 2906 907 2957 G.
942 2904 989 2956 1.
1026 2923 1120 2963 no.
1162 2903 1329 2972 1565,
1366 2921 1479 2975 qua
1513 2901 1724 2955 Nobae
1764 2901 2501 2992 Carthaginiensingoksvloe
2537 2905 2789 2959 Boeoto-

608 2995 735 3029 rum
774 2973 962 3027 datur,
1024 2973 1227 3048 Ἄρχων
1271 2976 1328 3028 ἐν
1361 2974 1518 3045 κοινῷ
1561 2977 1799 3028 Βοιωτῶν
1859 2993 1954 3027 no.
2012 2975 2163 3027 1570.
2210 2992 2260 3025 a.
2310 2982 2504 3048 Αρχων
2556 2982 2793 3035 Βοιωιυῖς

611 3067 708 3100 no.
750 3049 906 3100 1573.
959 3048 1114 3101 1575.
1142 3044 1357 3117 Ἄρχων,
1395 3053 1613 3116 septem
1652 3044 2098 3117 ἄφεδριαιεῦοντες,
2135 3047 2473 3118 γραμματεύς
2503 3065 2595 3100 no.
2625 3050 2782 3116 1593,

605 3122 979 3190 inscriptione
1034 3119 1258 3172 donarii
1317 3137 1352 3171 a
1410 3122 1696 3170 communi
1764 3121 2115 3170 Boeotorum
2175 3119 2393 3171 Gratiis
2449 3124 2786 3175 consecrati.

613 3192 702 3244 Ex
739 3191 829 3243 his
866 3189 1047 3262 ἄρχων
1096 3199 1182 3244 est
1233 3189 1578 3251 Thebanus,
1626 3189 2059 3262 ἀφεδριατεύοντῖς
2102 3187 2553 3259 orchomenias,
2602 3197 2783 3247 Coro-

605 3266 832 3327 nensis‚
881 3263 1316 3322 Anthedonius,
1353 3260 1746 3331 Thespiensis,
1786 3260 2128 3327 Thebanus,
2173 3262 2578 3331 Tanagraeus,
2634 3267 2783 3318 Oro-

649 3338 755 3397 ius‚
801 3333 1139 3404 γραμματεὺς
1183 3334 1564 3387 Plataeensis.
1621 3334 1746 3385 Hos
1794 3332 2240 3404 dqsdqmwbovmc
2283 3352 2401 3384 non
2450 3335 2710 3388 diversos
2746 3355 2782 3389 a

688 3405 970 3458 cotan-eliis
1008 3407 1204 3469 fuisse,
1244 3412 1301 3459 et
1338 3403 1671 3458 archontem
1711 3404 1940 3473 collegii
1976 3407 2291 3476 principem
2315 3406 2644 3460 Boeckhius
2679 3427 2782 3479 pu-

604 3485 691 3531 tat
724 3497 779 3548 p.
821 3478 942 3531 729.
1015 3479 1325 3531 Praeterea
1359 3476 1696 3531 boeotarchi
1735 3483 2249 3530 commemorantur
2284 3478 2542 3532 no.1626
2582 3475 2783 3548 (This-

607 3550 849 3612 heusis.)
890 3568 988 3603 no.
1033 3550 1168 3605 1738
1207 3558 1264 3602 et
1304 3551 1439 3603 1058
1487 3545 1904 3617 (Megarensis,
1951 3567 2191 3619 quorum
2244 3547 2443 3601 urbem
2489 3548 2594 3603 illo
2640 3560 2778 3603 tem-

538 3622 543 3629 ’
602 3640 748 3697 pore
794 3622 1141 3675 Boeotorum
1198 3620 1444 3674 concilio
1506 3614 1852 3692 adscriptam
1907 3619 2086 3672 fuisse
2149 3617 2259 3672 hoc
2319 3622 2503 3690 ipsum
2564 3621 2778 3689 docet.)

608 3699 762 3749 Sunt
810 3701 998 3747 antem
1054 3694 1112 3747 hi
1163 3711 1363 3746 omnes
1411 3692 1566 3744 tituli
1611 3693 1721 3747 suh
1774 3690 2215 3763 imperatoribus
2260 3694 2474 3764 scripti.
2577 3694 2666 3749 Of.
2723 3701 2781 3748 et

605 3763 902 3823 Plutarch.
942 3785 1128 3855 praec.
1169 3769 1251 3819 rei
1290 3785 1345 3836 p.
1383 3783 1505 3833 ger.
1546 3783 1592 3816 c.
1637 3765 1721 3817 17.
2375 3822 2380 3829 .

750 3836 851 3906 38)
892 3845 963 3893 To
998 3835 1174 3892 κοινὸν
1205 3836 1568 3905 Παμβοιωτῶν
1600 3835 1862 3909 συνέδριον
1898 3838 2072 3889 inser.
2109 3852 2206 3887 no.
2249 3833 2406 3899 1625,
2443 3834 2533 3888 30.
2605 3833 2781 3906 Δᾶμος

604 3930 698 3967 no.
742 3911 893 3977 1565,
973 3929 1079 3971 uae
1115 3911 1410 3979 inscriptio
1457 3908 1745 3960 decretum
1799 3908 2112 3960 eommunis
2148 3908 2502 3958 Boeotorum
2552 3908 2777 3962 concilii

606 3985 822 4039 habere
873 3931 1120 4035 videtur.
1207 3982 1322 4035 Sed
1372 3978 1604 4033 aiteram
1654 3999 1750 4033 no.
1801 3981 1955 4033 1570.
2010 3997 2059 4035 a.
2108 3978 2169 4030 in
2218 3996 2332 4048 qua
2374 3986 2464 4031 est
2504 3977 2654 4048 βουλῆ
2687 3980 2778 4034 καὶ

604 4058 778 4129 δῆμος,
817 4053 1071 4108 solorum
1114 4054 1463 4124 Oropiorum
1502 4070 1630 4105 esse
1666 4071 1786 4104 non
1825 4049 2041 4106 dubito.

743 4160 844 4232 39)
879 4163 944 4218 Id
988 4160 1261 4218 Boeckh.¹
1283 4182 1345 4232 pe
1389 4161 1490 4213 727
1540 4178 1591 4212 a·
1632 4160 1832 4211 statuit
1865 4164 2099 4230 propter
2134 4158 2480 4211 Pausaniam
2516 4158 2649 4225 Vn,
2685 4157 2769 4225 16,

600 4239 655 4293 6.
692 4236 815 4289 Sed
863 4237 987 4290 fieri
1034 4240 1227 4306 potest
1269 4240 1334 4286 ut
1368 4233 1687 4284 Pausanias
1723 4234 1915 4284 minus
1956 4236 2221 4284 accurate
2269 4238 2530 4302 tempora
2577 4231 2769 4284 distin-

598 4317 846 4467 xentdo)
882 4394 1024 4451 vid.
1061 4397 1312 4451 Pausan.
1346 4394 1454 4463 IX,
1489 4394 1579 4460 34,
1616 4394 1650 4448 1
1689 4399 1748 4448 et
1780 4395 2060 4467 inseriptt.
2087 4397 2217 4447 not.
2251 4393 2341 4448 37.
2377 4390 2451 4449 38
2486 4392 2701 4447 citatas.
