3067 4975
847 326 920 399 8.
969 310 1093 399 'De
1138 323 1549 424 dokm'plv‘na
1581 326 1926 427 publica».
2370 335 2515 410 337
2581 425 2584 428 ¹

340 510 670 604 riam20).
768 509 1175 605 Proprium
1240 504 1386 579 hoc
1451 511 1923 606 gymnasium
1969 509 2152 582 'ante
2202 510 2551 586 Themi-.

341 608 654 686 stoclem
717 603 970 677 nothis
1033 603 1211 695 suit3
1301 600 1434 677 sed
1502 605 1577 676 id
1638 610 1912 703 postea
1972 630 2127 677 non
2194 608 2515 705 amplius

338 704 819 782 observatum
851 702 971 793 23).
1075 700 1297 788 Quae
1372 707 1769 798 praeterea
1837 709 2514 778 commemorantur

335 805 755 904 gymnasia,
821 800 1278 894 Diogenium
1303 798 1422 891 22),
1496 796 2067 897 Ptolemaei23),
2130 799 2510 897 posterio-

334 925 502 976 rum
553 904 726 970 sunt
774 896 1218 993 temporum.
1316 896 1646 967 Diversa
1707 900 1951 968 autem
2005 922 2051 968 a
2098 902 2512 995 gymnasiis

318 996 760 1099 'palaestrae
794 999 1032 1080 erant,
1084 990 1342 1090 quales
1381 994 2057 1065 commemorantur
2092 997 2512 1092 hippocra-
2601 1056 2608 1063 .

337 1098 464 1186 tis,
518 1093 896 1182 Taureae,
950 1085 1426 1187 Sibyrtii24),
1497 1092 1578 1160 in
1640 1087 1910 1188 quibus
1958 1115 2200 1190 neque
2252 1092 2510 1165 eadem

340 1193 589 1265 omnia
640 1212 832 1289 quae
879 1190 953 1258 in
1003 1189 1418 1284 gymnasiis
1470 1189 1860 1278 exercitia,
1912 1211 2153 1286 neque
2186 1184 2511 1285 publice,

336 1292 424 1362 ut
461 1290 534 1360 in
576 1283 750 1377 illis,
801 1280 934 1356 sed
1018 1284 1306 1355 rivatim
1339 1280 2197 1381 factitata'videntur2⁵):
2250 1312 2509 1383 quam-

246 1459 255 1468 „
340 1409 559 1485 quam
609 1387 826 1456 erant
873 1309 1301 1477 palaestrae
1351 1382 1572 1453 etiam
1606 1375 1953 1477 publicae
1990 1388 2064 1453 et
2105 1406 2267 1452 cum
2291 1407 2509 1482 gym-

240 1521 245 1525 ·
337 1484 572 1555 nasiis
623 1476 1066 1555 coniunctae
1117 1482 1247 1547 aut
1291 1480 1855 1575 gymnasiorum
1901 1483 2162 1575 partes
2179 1479 2304 1576 2⁶).
2484 1560 2491 1564 ,

1133 1624 1238 1740 5.
1287 1642 1689 1716 LXXXV.

435 1848 439 1854 -
532 1789 912 1870 Custodes
978 1796 1217 1866 omnis
1265 1818 1672 1891 puerorum
1726 1789 2162 1890 disciplinae
2208 1790 2510 1891 publice

334 1895 793 1967 constitutos
842 1888 1077 1963 fuisse
1130 1888 1383 1963 decem
1437 1888 1961 1987 sophronistas
2013 1893 2090 1961 et
2128 1894 2512 1989 Areopagi

335 1993 555 2064 etiam
621 1986 766 2059 huc
830 1990 1153 2059 maxime
1204 1990 1658 2084 pertinuisse
1708 1988 2231 2058 auctoritatem
2282 2014 2519 2085 supra.

330 2090 480 2162 iam
557 2086 1304 2158 commemoravimus
1334 2085 1427 2181 ¹).
1549 2078 1902 2156 Habebat
1974 2087 2222 2157 autem
2283 2112 2508 2182 prae-

480 2344 573 2408 20)
606 2345 856 2398 Pausan.
887 2343 936 2411 1,
975 2341 1062 2426 19,
1096 2342 1152 2396 3.
1226 2340 1392 2395 Suid.
1428 2360 1474 2398 ε.
1513 2357 1570 2393 v.
1604 2337 1783 2395 Phot.
1819 2351 1877 2405 Ρ.
1915 2335 2034 2393 187.
2079 2338 2200 2393 188.

478 2448 576 2518 21)
637 2448 930 2504 Demosth.
977 2451 1041 2503 in
1075 2450 1354 2503 Aristocr.
1389 2459 1445 2514 Ρ.
1483 2446 1608 2518 691,
1645 2446 1733 2502 18.
1804 2442 2101 2501 Plutarch.
2140 2443 2418 2501 Themist.
2457 2465 2508 2501 ο.

337 2523 370 2578 1
403 2523 599 2597 ibique
635 2525 910 2576 Sintenis.
1069 2520 1073 2525 ’

471 2628 575 2698 22)
617 2633 787 2700 Corp.
822 2628 1002 2681 Inscr.
1038 2627 1068 2681 1
1102 2639 1160 2693 Ρ.
1198 2625 1323 2680 456.

473 2732 577 2801 23)
616 2728 865 2788 Pausan.
907 2735 957 2802 l,
995 2734 1079 2801 17,
1121 2733 1170 2787 l.

477 2835 577 2908 24)
633 2840 1004 2962 Pseudoglut.
1039 2842 1169 2893 vitt.
1222 2839 1286 2891 X
1332 2856 1414 2891 or.
1485 2858 1541 2909 p.
1587 2837 1692 2894 837
1739 2839 1811 2893 Ε.
1910 2836 2056 2892 Plat.
2106 2835 2393 2910 Charmid.
2448 2859 2505 2910 Ρ.

336 2912 445 2966 153
495 2915 569 2964 A.
619 2911 852 2965 Plutarc
899 2949 910 2963 .
948 2910 1138 2964 Alcih.
1189 2929 1235 2962 c.
1288 2911 1338 2962 3.
1414 2911 1661 2964 Palmer.
1701 2911 1774 2963 ad
1811 2911 2044 2963 Lucian.
2084 2909 2153 2960 de
2193 2914 2418 2979 parasit.
2459 2930 2505 2963 c.

332 2985 420 3039 43.
442 3012 507 3023 —
545 2984 756 3036 Fuitne
792 2983 942 3036 idem
982 2984 1242 3035 Taureas
1282 2999 1409 3033 cum
1447 2981 1751 3051 Sibyrtio?
1788 3000 1933 3055 quae
1970 2983 2177 3034 Meieri
2223 2985 2510 3035 sententia
2547 3012 2552 3021 =

209 3098 220 3107 .
334 3073 462 3109 esse
497 3055 731 3119 videtur
769 3055 840 3107 ad
879 3054 1054 3107 Leak.
1091 3066 1147 3120 Ρ.
1181 3055 1305 3108 423.

471 3159 568 3227 25)
609 3159 701 3215 Cf.
740 3161 924 3214 Stein.
965 3161 1039 3214 ad
1073 3157 1385 3214 Plutarch..
1407 3159 1478 3211 de
1514 3178 1676 3231 puer.
1714 3158 1876 3213 educ·
1911 3178 1970 3231 Ρ.
2010 3159 2132 3214 156.

470 3261 573 3336 26)
620 3268 710 3319 lta
757 3267 1059 3336 Lycurgus
1110 3285 1197 3338 ap.
1246 3264 1620 3337 Pseudoplut.
1676 3287 1733 3338 Ρ.
1782 3266 1887 3320 841
1937 3267 2003 3318 Ο.
2053 3265 2394 3336 palaestram
2444 3269 2509 3319 in

327 3337 523 3406 Lyceo
573 3339 906 3391 aedificasse
966 3339 1191 3392 dicitur.
1263 3339 1335 3390 In
1391 3341 1549 3390 univ.
1598 3337 1671 3390 cf.
1718 3335 1981 3408 Xenoph.
2031 3337 2102 3390 d'e
2146 3356 2194 3391 r.
2247 3358 2297 3408 p.
2344 3342 2415 3390 A.
2455 3342 2509 3407 2,

333 3411 424 3462 10.
471 3411 716 3462 Pausan.
757 3411 858 3477 VI,
895 3412 984 3478 21,
1023 3413 1072 3464 2.
1106 3411 1197 3473 23,
1235 3411 1272 3463 3
1307 3409 1406 3462 uhi
1440 3410 1754 3484 πάλαιστραι
1788 3411 2061 3461 exercitia
2098 3410 2325 3480 quidem
2356 3419 2518 3477 sunt,

329 3479 434 3532 sed
473 3480 678 3550 quihus
713 3480 1035 3552 palaestrae
1069 3481 1479 3534 inserviebant.
1516 3481 1668 3534 Add.
1701 3484 1771 3534 A.
1792 3482 2043 3534 Cramer.
2067 3480 2137 3533 de
2164 3481 2322 3533 educ.
2346 3500 2507 3551 puer.

327 3563 386 3617 Ρ.
425 3552 516 3607 37.
590 3553 816 3606 Kranae
855 3553 1076 3625 Theag.
1110 3573 1165 3624 Ρ.
1206 3554 1324 3606 141.
1363 3555 1487 3606 234.

484 3654 546 3723 ι)
598 3660 734 3728 eap.
785 3659 822 3715 8
866 3658 923 3726 §-
962 3662 1050 3728 71,
1090 3660 1176 3713 η.
1231 3666 1290 3712 et
1337 3647 1384 3712 «ὲ.
1423 3660 1454 3712 7
1492 3654 1542 3729 ς.
1581 3659 1667 3715 59.
1705 3684 1777 3698 --
1810 3657 1933 3723 sed
1968 3656 2202 3711 videtur
2236 3655 2371 3708 mim
2411 3674 2508 3709 so-

367 3727 757 3782 hronistarum
797 3736 1160 3800 magistratus
1199 3732 1485 3784 recentior
1523 3748 1677 3783 esse=
1724 3748 1913 3801 neque
1951 3732 2101 3781 enim
2140 3745 2176 3779 a
2213 3731 2507 3796 scriptori-

326 3749 440 3852 {us
497 3813 972 3856 commemoratur
1024 3810 1423 3875 praeterquam
1480 3821 1514 3852 a
1573 3803 1953 3870 grammaticis
2010 3807 2069 3851 et
2126 3799 2199 3850 ab
2269 3818 2374 3850 auc
2403 3819 2505 3852 oro

325 3870 574 3925 Axiochi
626 3891 675 3925 ο.
715 3874 767 3941 8,
807 3893 971 3946 quem
1011 3874 1293 3944 dialogum
1332 3873 1763 3927 Alexandrinae
1799 3875 2000 3924 aetatis
2040 3886 2170 3923 esse
2207 3876 2379 3923 certis
2417 3875 2509 3924 in-

329 3943 495 3994 diciis
545 3943 921 3998 demonstrari
967 3955 1183 4018 potest3
1254 3964 1430 4016 porro
1483 3947 1547 3997 in
1593 3943 2059 4015 inscriptionibus
2099 3940 2373 4013 frequens
2410 3962 2511 3994 so·-

325 4011 750 4084 plsronistarum
787 4020 1003 4071 mentio
1037 4025 1140 4083 est,
1177 4026 1242 4070 ut
1269 4021 1441 4070 etiam
1466 4015 1742 4085 κοσμητῶν,
1780 4013 2174 4084 ἆνπκοσμητῶν,
2217 4013 2381 4066 ὖποκο
2410 4033 2510 4080 μη-

319 4085 449 4139 wir.-
504 4086 608 4137 sed
655 4086 819 4141 nulla
873 4088 1072 4142 harum
1121 4090 1557 4178 inscriptionum
1607 4105 1640 4138 e
1691 4085 2110 4139 vetustioribus
2171 4095 2278 4137 est.
2373 4085 2507 4137 vid.

324 4157 495 4228 Corp.
541 4159 721 4215 Inscr.
770 4178 865 4212 no.
912 4161 1035 4214 254.
1083 4161 1208 4215 258.
1255 4162 1377 4214 212.
1426 4159 1551 4212 276.
1590 4158 1696 4212 277
1740 4166 1798 4209 et
1836 4156 1939 4211 all.
1977 4155 2141 4209 mult.
2180 4159 2397 4228 Antiqu
2422 4167 2513 4208 tus

317 4230 771 4297 gymnasiarchis
830 4230 1165 4303 disciplinae
1223 4236 1287 4285 in
1336 4232 1653 4300 gymnasiis
1701 4246 1897 4281 curam
1946 4229 2277 4298 impositam
2332 4228 2513 4280 fuisse

321 4299 565 4372 colligas
603 4320 636 4356 a
672 4302 908 4357 Solonis
946 4303 1076 4374 lege
1113 4322 1202 4377 ap.
1241 4301 1509 4356 Aeschin.
1545 4307 1609 4356 in
1646 4298 1938 4357 Timarch.
1978 4311 2035 4365 Ρ.
2074 4300 2164 4355 38.
2200 4299 2302 4368 395
2364 4316 2509 4370 quos

1979 4384 2082 4461 22
