3067 4975
555 389 702 463 182
954 355 1038 461 V.
1086 386 1206 459 De
1255 407 1343 457 re
1380 372 1700 485 publica
1749 381 2344 457 Atheniensium.

442 577 447 586 “
518 569 799 671 Ῥίειῃῐ.
895 568 1014 640 lta
1065 562 1433 639 confectis
1485 560 2061 663 quadringentis
2088 562 2155 659 ³)
2211 563 2524 634 senatus
2564 559 2737 634 loco

560 690 846 741 summa
908 689 1036 736 res
1122 661 1426 761 publica
1500 662 1982 760 permittitur.
2093 658 2556 731 Dissolvitur
2620 684 2742 733 se-

434 793 438 799 ·
560 765 786 837 natus
838 763 1445 862 quingentorum,
1498 760 1988 856 magistratus
2017 760 2420 848 mutantur,
2459 758 2745 828 consti-

562 864 800 933 tuitur
851 854 1078 948 utad
1133 860 1459 948 comitia,
1512 858 1578 927 si
1631 881 1781 956 qua
1833 850 2096 927 haberi
2148 879 2341 951 opus
2392 857 2530 945 sit,
2592 877 2745 925 non

566 981 828 1028 omues
897 957 1136 1043 οἰνεε,
1203 951 1336 1027 sed
1402 955 1799 1054 quinquies
1867 948 2067 1024 mille
2133 954 2493 1040 etcensu
2546 946 2745 1024 haud

569 1056 854 1150 exiguo
908 1057 984 1123 et
1034 1053 1291 1125 cetera
1341 1074 1640 1150 quoque
1693 1047 1865 1122 huic
1916 1072 2168 1121 rerum
2220 1052 2452 1121 statui
2493 1041 2750 1120 idonei

568 1148 1116 1237 convocentur,
1178 1146 1600 1221 mercedem
1663 1169 1911 1244 neque
1958 1150 2455 1243 magistratus
2506 1169 2753 1244 neque

565 1242 854 1320 iudices
919 1269 1162 1345 neque
1225 1244 1417 1318 alius
1482 1247 1876 1347 quisquam
1939 1252 2244 1340 praeter
2305 1240 2577 1315 milites
2628 1254 2788 1314 ac-‘

574 1344 827 1441 cipiat.

1485 1517 1556 1596 §.
1608 1508 1830 1583 x111.

763 1658 919 1731 Vix
969 1664 1216 1730 autem
1269 1658 1629 1758 quattuor
1677 1671 1980 1730 menses
2012 1653 2360 1730 abierant
2389 1657 2483 1750 ¹),
2533 1681 2755 1754 quum

571 1753 925 1855 populuS‚
976 1757 1327 1854 quoniam
1392 1780 1638 1856 neque
1701 1779 1965 1853 pacem
2035 1752 2201 1827 fleri
2268 1757 2346 1826 et
2396 1752 2757 1855 quadrin-

570 1860 853 1949 gentos
918 1850 1499 1924 dominationem
1564 1855 2053 1949 impotentius
2115 1876 2478 1924 exercere
2551 1847 2758 1922 vide-

573 1949 713 2023 bat
737 1949 843 2039 2)‚
908 1975 1042 2021 eos
1109 1952 1421 2046 imperio
1487 1953 1724 2022 exuit.
1835 1949 2106 2050 Neque
2180 1955 2427 2020 tamen
2504 1949 2756 2020 statim

576 2045 968 2144 popularis
1018 2046 1261 2118 status
1312 2044 1555 2145 qualis
1608 2048 1832 2117 antea
1862 2043 2115 2118 suerat
2148 2046 2571 2139 restitutus,
2624 2042 2761 2117 sed
2819 2135 2834 2142 ρ

578 2143 798 2214 ele-cti
864 2148 1040 2217 suut
1065 2142 1137 2237 ³)
1205 2168 1301 2214 ex
1353 2146 1705 2214 uuiversa'
1734 2140 2204 2215 multitudine
2234 2146 2564 2241 quinque
2598 2138 2763 2214 mil-

583 2238 683 2311 lia
734 2242 998 2311 civium
1051 2265 1356 2332 eorum,
1426 2243 1553 2338 qui
1619 2242 1779 2312 suis
1848 2238 2271 2337 sumptibus
2324 2241 2590 2311 armati
2644 2264 2763 2311 es·

579 2338 773 2423 sent,
826 2340 951 2435 qui
1004 2335 1147 2410 soli
1198 2339 1272 2409 iu
1329 2339 1652 2410 comitiis
1678 2362 1835 2409 rem
1869 2333 2248 2433 publicam
2285 2334 2763 2408 administra-

579 2434 775 2506 rent.
874 2433 1064 2509 Nam
1120 2437 1417 2534 priores
1465 2431 1572 2507 illi
1626 2437 2018 2535 quinquies
2070 2429 2266 2506 mille
2316 2459 2470 2506 non
2510 2458 2595 2507 re
2626 2430 2762 2506 sed

580 2532 880 2604 nomine
930 2533 1215 2605 tantum
1266 2529 1571 2606 fuerant
1594 2529 1680 2617 4).
1782 2534 2195 2605 Praeterea
2244 2528 2461 2628 leges
2511 2557 2763 2603 emen-

586 2624 808 2704 datae
859 2653 1247 2729 novaeque
1296 2628 1522 2720 latae,
1574 2654 1767 2727 quae
1817 2631 1930 2701 rei
1981 2626 2329 2725 publicae
2380 2631 2603 2702 utiles
2653 2631 2771 2713 vi-=

585 2720 944 2823 derentur
972 2725 1071 2821 ⁵),
1123 2724 1417 2825 aliaque
1468 2723 1665 2797 bene
1719 2722 2092 2817 ordinata,
2143 2731 2227 2797 ut
2276 2729 2597 2824 egregio
2649 2728 2762 2796 iu-

584 2827 698 2893 ter
785 2846 1074 2918 paucos
1149 2831 1224 2897 et
1295 2820 1590 2922 piebem
1677 2825 2271 2918 temperamento
2360 2818 2767 2895 salubriter

587 2918 1037 3016 aliquamdiu
1108 2946 1234 2994 res
1309 2915 1615 3018 publica
1684 2917 2205 2992 administrata
2277 2922 2376 2993 sit
2401 2923 2497 3013 ⁶).
2623 2920 2766 2991 nie

586 3038 839 3089 rerum
881 3022 1125 3090 status
1161 3015 1516 3118 quamdiu
1562 3019 2064 3115 permanserit
2090 3042 2243 3090 non
2287 3017 2471 3090 satis
2498 3015 2765 3116 liquet:

730 3221 793 3281 3)
832 3222 1009 3286 Quod
1070 3224 1223 3295 apud
1268 3223 1502 3294 Lysiam
1554 3241 1658 3297 pro
1705 3222 2042 3294 Polystrato
2093 3223 2147 3294 ξ.
2194 3226 2231 3279 2
2283 3222 2688 3298 quadringenti
2736 3240 2772 3274 a

587 3291 894 3349 tribulibus
931 3298 1051 3347 suis
1090 3296 1257 3350 electi
1295 3295 1582 3366 dicuntur,
1621 3314 1739 3349 non
1778 3299 1970 3363 magni
2010 3303 2097 3349 est
2133 3299 2426 3350 momenti.
2498 3295 2772 3347 Fortasse

593 3372 818 3416 centum
869 3363 953 3418 illi
1006 3368 1206 3421 e'suis
1252 3371 1613 3439 potissimum
1661 3366 1969 3420 tribulibus
2015 3375 2214 3427 ternos
2258 3369 2371 3421 sibi
2407 3372 2767 3437 cooptarunt.

593 3435 804 3505 Neque
844 3454 1188 3508 magnopere
1227 3440 1470 3494 offendit
1506 3440 1665 3511 quod
1704 3458 1738 3491 a
1772 3436 1986 3493 Photio
2025 3440 2429 3513 quadringenti
2468 3457 2503 3489 a
2535 3438 2778 3510 dvyypuff

593 3505 743 3576 φεῦσι
776 3510 950 3559 creati
992 3509 1275 3565 dicuntur.
1346 3513 1634 3566 Nimirum
1674 3510 1735 3563 hi
1769 3517 1954 3564 totum
1993 3514 2292 3579 negotium
2323 3509 2773 3570 moderabantur

598 3584 872 3651 erantque
906 3578 1058 3633 haud
1098 3581 1269 3634 dubie
1304 3584 1368 3636 iu
1406 3591 1637 3636 centum
1671 3584 1855 3654 primo
1895 3586 2121 3645 creatis,

738 3682 802 3755 1)
840 3689 1079 3748 Aristot.
1117 3687 1204 3740 ad.
1241 3688 1519 3762 Harpoer.
1554 3709 1604 3749 a·
1639 3707 1696 3743 v.
1726 3687 2046 3766 τετρακόσιαι,

736 3791 799 3861 2)
837 3793 1301 3875 Thucydgm
1339 3796 1428 3852 70.
1467 3798 1556 3853 74.

736 3899 799 3967 3)
839 3904 1034 3957 creati
1072 3903 1147 3956 ad
1181 3902 1292 3957 hoc
1327 3907 1625 3974 negotium
1660 3907 1982 3978 καταλογεΐς,
2027 3920 2270 3976 quorum
2288 3904 2551 3965 meminit
2570 3900 2776 3974 Lysias,

589 3990 698 4043 pro
734 3973 986 4044 Polystr.
1025 3974 1081 4045 §-
1120 3977 1207 4032 13.

734 4080 799 4147 4)
839 4081 934 4137 Cf.
973 4081 1238 4155 Thucyd·
1274 4084 1438 4151 vm,
1472 4083 1568 4139 89.

737 4186 804 4260 ὃ)
844 4189 937 4244 cf.
976 4189 1089 4245 Th.
1130 4189 1344 4258 Bergk.
1382 4190 1457 4244 ad
1492 4188 1856 4246 Andocidem
1896 4189 1986 4244 ed.
2024 4186 2292 4248 sehin-r.
2326 4209 2384 4262 p.
2422 4189 2530 4244 145
2565 4206 2690 4263 sqq.

736 4297 795 4359 s,
837 4298 1105 4380 naqa,
1143 4298 1310 4367 vm,
1345 4299 1433 4359 97,
