3067 4975
616 407 713 480 1.·
736 408 855 483 De
904 404 1292 481 homimem
1321 400 1422 478 in
1452 402 1723 478 Attica
1757 401 2189 496 generibus.
2264 424 2269 436 ·
2335 373 2477 473 '189

320 597 587 663 eorum
648 584 1058 660 solutiores
1121 584 1579 686 spiritusque
1642 610 2184 686 saepenumero
2252 611 2482 686 supra

317 683 835 757 condicionem
886 683 1120 757 fuisse
1173 682 1518 757 dicuntur
1544 684 1638 782 ⁸).
1708 682 2183 758 Arcebantur
2230 689 2481 757 tamen

312 808 362 855 a
409 778 819 854 liberorum
870 779 1265 879 disciplina
1317 782 1394 853 et
1438 782 1854 882 gymnasiis
1881 783 1951 875 ⁹)
2003 786 2079 852 et
2127 806 2175 853 a
2221 780 2482 879 populi

316 874 662 952 coetibus
688 879 857 971 ¹⁰)‚·
908 903 1048 950 nec
1136 880 1404 950 sistere
1496 881 1575 950 in
1669 875 1963 951 iudiciis
2038 884 2167 952 aut
2239 880 2479 950 testes

312 972 636 1075 produci
682 975 1064 1073 poterant,
1117 977 1260 1046 nisi
1309 978 1386 1045 in
1438 972 1693 1072 caedis
1741 974 2148 1059 causa¹¹).-
2208 972 2479 1047 Liber-

314 1075 450 1146 tini
473 1072 571 1166 ¹²)
622 1074 698 1144 in
747 1069 1277 1171 inquilinorum
1330 1068 1669 1144 ordinem
1717 1067 2171 1165 transibant,
2217 1075 2479 1168 patro-

315 1193 637 1270 numque
686 1173 1050 1260 προστάτην
1079 1163 1357 1241 babere
1392 1165 1883 1268 solebantss),
1931 1166 2133 1265 quod
2170 1170 2480 1268 quisine

312 1270 512 1340 iusta
576 1289 807 1338 causa
863 1262 1361 1356 detrectaret,
1423 1267 1499 1337 in
1567 1265 1765 1338 hunc
1825 1267 2219 1334 ἀποστασίου
2278 1266 2478 1336 actio

315 1359 827 1461 competebat,
893 1386 1042 1462 qua
1108 1363 1496 1435 convictus
1555 1364 1633 1434 in
1682 1362 2118 1437 servitutem
2163 1384 2481 1435 revoca-

315 1458 538 1535 batur
559 1457 676 1557 ¹4).

1222 1597 1291 1676 5.
1339 1591 1592 1667 XVII.

505 1721 894 1824 Inquiiini,
962 1720 1034 1797 b.
1087 1749 1155 1800 e.
1204 1727 1596 1825 peregrini
1660 1728 1788 1827 qui
1851 1724 2105 1825 patria
2165 1748 2303 1798 sua
2366 1748 2514 1797 re--.

310 1822 492 1896 licta
552 1821 888 1895 Athenas
953 1818 1370 1895 habitatum
1434 1824 2114 1917 concesserant·¹)‚
2187 1819 2486 1920 plurimi

311 1917 622 1995 Athenis
672 1919 891 1992 erant
937 1918 1058 1991 vel
1106 1917 1317 1993 urbis
1368 1921 1822 1994 amoenitate
1872 1917 2487 2018 voluptatumque

314 2020 558 2089 omnis
588 2017 899 2113 generis
925 2012 1341 2110 affluentia,
1395 2015 1515 2091 vel
1566 2019 1925 2118 quaestus
1970 2013 2295 2089 faciendi
2347 2041 2486 2113 op·

316 2114 786 2213 portunitate
834 2113 1126 2187 invitati
1154 2113 1244 2205 2).
1320 2114 1423 2187 Et
1444 2112 2008 2188 Atheniensium
2056 2137 2308 2186 mores
2358 2110 2490 2184 hu-

310 2212 670 2285 manitate
723 2232 914 2308 erga
959 2213 1416 2310 peregrinos
1467 2213 1545 2286 et
1591 2212 1941 2285 comitate
1989 2234 2177 2308 prae
2214 2210 2491 2284 ceteris

452 2412 519 2486 8)
555 2418 731 2471 Xeno
769 2416 829 2473 h.
882 2415 926 2473 1.
971 2416 1012 2472 l.
1060 2438 1111 2475 e.
1162 2425 1311 2475 nott.
1362 2422 1557 2475 Zeun..
1593 2425 1652 2474 et
1696 2416 1969 2475 Schneid.
2004 2414 2300 2472 Demostb.
2334 2413 2492 2476 Phil.

308 2490 399 2545 111
469 2527 485 2544 .
524 2491 644 2559 111,
682 2491 714 2544 1
754 2528 771 2544 .
845 2492 976 2544 Huc
1010 2494 1298 2564 respicere
1342 2493 1577 2546 videtur
1621 2491 1792 2547 Plato
1837 2491 2018 2560 Legg.
2054 2491 2147 2544 'VI
2182 2510 2238 2562 Ρ.
2276 2490 2380 2547 777
2414 2490 2490 2543 E.

309 2562 385 2616 cf.
463 2580 494 2614 e
529 2581 595 2616 re
629 2561 788 2632 publ.
825 2563 992 2631 vm,
1029 2564 1136 2617 563
1169 2565 1242 2617 Β.
1294 2563 1606 2633 Βόῑεοίιοι,
1642 2561 2061 2636 Aristophanes
2095 2580 2154 2617 u.
2189 2564 2316 2616 sein
2332 2563 2491 2616 Zeit-

288 2632 473 2688 alter.
506 2652 563 2706 Ρ.
600 2634 703 2688 111
741 2652 827 2705 sq.
896 2633 1047 2688 Add.
1082 2633 1333 2689 Dorvill.
1372 2635 1447 2688 ad
1485 2635 1782 2691 Chariton.
1819 2653 1877 2706 p.
1914 2634 2005 2689 62.

447 2735 509 2807 9)
544 2737 816 2794 Aeschin.
851 2743 914 2799 in
951 2741 1244 2796 'riman-cb.
1281 2762 1339 2816 Ρ.
1360 2744 1485 2798 147.
1540 2742 1697 2799 Plut.
1731 2741 1932 2796 Solon.
1958 2759 2007 2794 c.
2031 2745 2090 2795 1.=
2115 2737 2191 2796 of.
2209 2734 2343 2794 infr.
2363 2758 2411 2793 o.
2432 2738 2488 2795 9.

451 2842 547 2912 10)
583 2847 782 2900 Aristo
821 2843 879 2904 b.
917 2847 1263 2921 Thesmopb.
1300 2851 1424 2904 300.
1495 2847 1791 2904 Plutarch.
1826 2847 2006 2902 Phoc.
2045 2865 2093 2900 e.
2129 2846 2222 2901 34.
2275 2848 2486 2901 Sacro-

308 2934 435 2970 rum
474 2923 667 2969 tamen
713 2937 792 2991 pu
834 2917 1073 2972 lieorum
1124 2930 1182 2974 et
1229 2921 1574 2994 templorum
1622 2921 1785 2975 aditu
1818 2938 1941 2973 non
1979 2917 2338 2972 arcebantur.
2380 2920 2485 2973 Or.

306 2991 371 3041 in
406 2988 624 3041 Neaer.
660 3009 714 3061 p.
752 2990 912 3045 1374.

454 3094 549 3163 11)
586 3096 757 3148 Petit.
790 3095 967 3167 Legg.
1000 3099 1122 3153 Att.
1158 3117 1216 3170 p.
1251 3098 1378 3153 419.
1449 3099 1622 3153 Proo.
1658 3100 1778 3153 Att.
1818 3117 1874 3170 Ρ.
1911 3096 2018 3152 557
2052 3115 2137 3169 sq.
2187 3100 2248 3149 et
2288 3114 2344 3167 p.
2380 3093 2487 3149 667

311 3170 433 3223 not.
471 3169 560 3220 32.
597 3175 669 3207 -·’
706 3170 903 3230 Quum
939 3168 1060 3236 ὀῖκη
1095 3188 1264 3223 servo
1301 3173 1587 3224 intentata
1629 3168 1839 3223 dicitur
1876 3165 2206 3240 (Demosth.
2255 3168 2316 3219 in
2355 3165 2488 3220 eal-
2585 3219 2598 3234 ,

309 3236 425 3290 liel.
464 3256 521 3308 p.
561 3237 716 3294 1280.
787 3240 1070 3311 Harpocr.
1108 3259 1157 3294 s.
1193 3260 1253 3294 ν.
1288 3241 1360 3296 ὄπ
1392 3239 1522 3316 πρὸς
1547 3239 1641 3308 τήν
1672 3238 1882 3311 ψωλήν.)
1934 3237 2299 3308 cogitandum
2336 3255 2487 3289 sem-

308 3326 415 3380 per
461 3316 549 3362 est
594 3307 734 3362 bero
784 3328 1014 3363 eausam
1064 3312 1340 3381 agendam
1387 3312 1588 3379 fuisse.
1673 3313 1762 3366 Cf.
1806 3314 1977 3365 Dem.
2022 3313 2085 3364 in
2132 3312 2390 3363 Nicostr.
2428 3314 2496 3380 Ρ.

313 3381 471 3433 1253.
513 3382 717 3506 -Βὸὶῦο
760 3384 945 3436 servis
992 3401 1183 3438 noxae
1235 3383 1440 3438 deditis
1487 3374 1608 3438 vid.
1644 3383 1883 3437 Herald.
1923 3381 2208 3439 animadv,
2246 3383 2307 3435 in
2354 3380 2487 3434 Sal-

310 3469 452 3503 mas.
486 3471 544 3525 Ρ.
688 3490 705 3508 .

453 3557 545 3624 12)
583 3558 676 3611 De
710 3557 898 3612 modis
935 3579 1111 3614 manu
1145 3561 1410 3617 mittendi
1446 3562 1564 3618 vid.
1601 3564 1775 3616 Proe.
1808 3562 1931 3615 Aa.
1966 3579 2023 3632 p.
2056 3560 2148 3615 35.

455 3658 554 3732 13)
605 3662 694 3716 Of.
742 3671 933 3718 tamen
980 3668 1185 3720 Meier.
1223 3666 1295 3721 de
1339 3668 1476 3724 bon.
1527 3667 1717 3727 damn.
1764 3688 1818 3741 p.
1864 3667 1954 3723 34.
2043 3664 2196 3732 Add.
2242 3667 2482 3719 Aristot.

311 3731 561 3788 Rhetor.
596 3735 702 3802 111,
739 3737 776 3790 8
812 3739 893 3788 in.
968 3740 1029 3790 ui
1065 3742 1264 3791 comici
1303 3740 1547 3800 alicuius
1580 3739 1768 3793 locum
1810 3747 1944 3792 ante
1980 3736 2180 3790 oculos
2217 3735 2488 3791 habuisse

310 3806 558 3859 videtur.
596 3835 666 3846 —
705 3809 795 3860 De
829 3810 941 3860 iuri
985 3827 1052 3861 us
1087 3807 1318 3899 patroni
1353 3815 1415 3864 in
1452 3812 1721 3865 libertum
1758 3811 1876 3866 vid.
1914 3811 2114 3863 Meier.
2149 3806 2186 3861 l.
2223 3808 2262 3860 l.
2299 3829 2353 3879 Ρ.
2392 3810 2485 3863 33.

312 3877 436 3931 234.
471 3895 579 3930 nos
616 3876 690 3930 ad
727 3880 871 3932 Isae.
906 3898 963 3951 p.
1002 3881 1126 3935 274.
1421 3940 1430 3952 ‚

454 3982 552 4049 14)
587 3986 790 4038 Meier.
825 3983 868 4037 1.
902 3983 942 4039 l.
976 4002 1061 4056 sq.
1132 3989 1300 4042 Proc.
1337 3991 1459 4046 Att.
1497 4008 1554 4062 p.
1589 3991 1714 4045 473·

458 4084 517 4158 l)
557 4090 836 4163 Harpocr.
878 4110 927 4146 a.
966 4109 1022 4145 τ.
1052 4095 1318 4161 μετοίκιον.
1404 4098 1472 4149 In
1517 4100 1680 4152 uuir.
1713 4095 1833 4151 vid.
1878 4094 2338 4165 sainte-croix,
2387 4112 2487 4147 sur

311 4158 401 4221 10⁸,
436 4167 786 4234 metoeques,
824 4164 887 4217 in
923 4164 1143 4218 Gomm.
1179 4166 1358 4219 Aead.
1391 4168 1571 4223 Insor.
1610 4175 1748 4222 tom.
1783 4168 2045 4220 XLVIII
2082 4177 2135 4231 p,
2175 4165 2298 4220 186.

454 4264 519 4338 2)
556 4267 892 4323 Dicaearch.
930 4270 1036 4322 vit.
1073 4271 1179 4324 Gr.
1217 4291 1274 4343 p.
1311 4272 1376 4327 21
1426 4274 1647 4328 Buttm.
1742 4275 1831 4328 Of.
1870 4270 2141 4343 Xenopb.
2192 4270 2262 4324 de
2313 4270 2508 4333 redit.⁸

307 4338 362 4406 5,
399 4340 452 4395 3.
489 4341 544 4394 4.
583 4347 639 4393 et
657 4343 710 4408 3,
749 4342 801 4406 l,
837 4344 934 4413 qui
974 4343 1144 4394 etiam
1182 4342 1254 4395 de
1280 4342 1529 4398 utilitate
1568 4364 1736 4418 quam
1776 4346 1911 4400 urbs
1945 4364 2031 4404 ex,
2050 4344 2346 4415 inquilinis
2384 4359 2481 4395 oa-

303 4413 426 4481 piat
460 4417 562 4465 aut
596 4430 800 4485 oapere
832 4413 1019 4485 possit
1050 4411 1310 4486 loquitur
1346 4433 1393 4469 o.
1428 4417 1480 4475 2.
1555 4414 1642 4470 Cf.
1683 4418 1762 4471 id.
1803 4417 1875 4470 de
1908 4437 1956 4470 r.
1993 4435 2048 4487 p.
2084 4419 2157 4468 A.
2194 4416 2239 4480 1,
2279 4415 2362 4465 12.
