3067 4975
913 381 987 453 5'.
1035 380 1161 455 De
1203 349 1811 475 magstratibus.
2303 374 2447 455 237

282 560 658 664 parebant
705 561 927 639 electi
975 586 1150 638 esse
1175 563 1272 653 ⁸).
1342 561 1847 669 Magistratus
1875 559 2124 635 autem
2176 585 2455 654 omues,

285 666 681 735 curatores
726 660 1095 761 plerique,
1141 660 1483 758 gratuito
1533 662 1651 732 rei
1701 655 2046 759 publicae
2091 661 2452 734 inservie-

282 757 496 850 bant,
545 761 911 857 erantque
964 760 1165 830 cives
1214 756 1495 855 optimo
1544 759 1736 849 iure,
1787 761 1862 828 et
1909 760 2038 827 aut
2085 760 2295 829 sorte
2329 781 2454 828 ea-

284 852 686 955 piebantur
748 880 796 926 a
846 849 1401 943 thesmotbetis‚
1465 853 1600 925 aut
1663 851 2052 949 suffragiis
2124 848 2222 923 ab
2287 854 2455 925 uni-

285 976 521 1120 ωε
575 949 884 1119 ⁹f⁹⁰2¹⁰2
933 945 2458 1122 ²¹31„⁰..5¹‚¹:‚{·¹¹¹2„22¹¹²·;¹::‡3mma

288 1073 620 1237 gaeanis?
643 1049 984 1218 elli-alben
1023 1145 1100 1216 in
1153 1072 1614 1218 senatupaut
1663 1100 1753 1216 'in
1800 1070 2077 1216 iudleio
2128 1140 2456 1218 subeun-

293 1239 491 1328 dum,
542 1243 965 1340 exactoque
1013 1263 1322 1314 munere
1371 1244 1710 1316 rationes
1769 1236 2197 1317 reddendae
2260 1235 2462 1342 apud

290 1336 618 1438 legistas
667 1344 745 1413 et
792 1334 1166 1434 euthyuos
1215 1337 1456 1417 erant.

1103 1548 1173 1630 §.
1220 1540 1676 1618 XXXVIII.

487 1673 864 1747 Examiue‘
910 1675 1315 1765 (δοκιμασίᾳ)
1345 1673 1414 1770 ¹)
1453 1661 1916 1770 emebatur,
1978 1700 2075 1750 ne
2138 1669 2302 1776 quis
2350 1675 2465 1748 in-

299 1768 576 1869 diguus
638 1795 993 1869 parumve
1056 1768 1376 1847 idoneus
1432 1768 1548 1844 'ad
1620 1770 1953 1847 honores
2026 1778 2100 1848 et
2159 1797 2469 1845 munera

297 1872 414 1941 rei
460 1864 807 1967 publicae
860 1864 1414 1943 admitteretur:
1476 1871 1557 1941 in
1623 1895 1774 1969 quo
1824 1875 2075 1943 tamen
2122 1894 2275 1941 non
2327 1867 2466 1942 do-

301 1967 544 2038 etrina
572 1965 823 2063 aliqua
873 1973 948 2039 et
995 1967 1292 2062 peritia,
1343 1962 1479 2039 sed
1589 1968 1863 2060 eueriS‚
1912 1969 2110 2040 vitae
2141 1991 2471 2039 morum-

301 2086 447 2162 que
510 2057 878 2162 probitas'
924 2060 1434 2159 spectabatur.
1621 2088 1740 2136 am
1802 2061 2149 2136 doctriua
2207 2065 2285 2137 et
2344 2087 2474 2135 ars

300 2160 376 2232 in
427 2156 807 2276 plerisque
873 2159 1443 2257 magistratibus
1511 2166 1644 2234 aut
1704 2185 1857 2235 nou
1924 2161 2205 2260 requiri
2265 2158 2476 2233 vide-

247 2282 251 2286 ·
306 2251 527 2328 batur
575 2258 721 2328 nim
770 2258 1107 2353 vulgaris
1153 2255 1286 2331 illa
1335 2265 1412 2333 et
1461 2253 1808 2330 omnibus
1858 2255 2145 2331 civibus
2199 2252 2474 2329 libera-

304 2350 478 2426 liter
528 2350 863 2426 educatis
910 2356 991 2426 iu
1041 2351 1287 2427 medio
1338 2358 1633 2453 posita,
1694 2356 1825 2427 aut
1887 2357 1954 2429 si
2016 2350 2191 2455 quid
2242 2378 2476 2452 supra

307 2447 501 2522 bane
553 2474 747 2548 opus
807 2445 975 2525 erat
1042 2448 1141 2525 ad
1199 2450 1564 2526 nonnulla
1621 2455 2103 2551 negotiorum
2160 2474 2475 2550 genera,

447 2651 513 2725 8)
548 2655 765 2710 Pollux
800 2616 976 2727 tun,
1011 2657 1100 2713 92.
1154 2628 1275 2715 Cf.
1322 2658 1395 2714 de
1441 2660 1658 2714 eomitt.
1705 2677 1762 2732 p.
1795 2659 1906 2721 318
1954 2666 2014 2715 et
2052 2659 2366 2715 Hermann.
2406 2658 2477 2715 de

306 2728 433 2780 iure
468 2730 901 2797 magistratuum
938 2743 996 2796 Ρ.
1034 2732 1106 2784 50
1140 2749 1231 2805 sq.
1865 2758 1872 2769 ·

451 2833 513 2903 9)
551 2837 704 2889 Hine
741 2836 1172 2905 distinguuntur
1205 2836 1608 2893 ab'Aesebine
1658 2836 1697 2893 l.
1738 2836 1781 2891 l.
1825 2856 1883 2909 Ρ.
1922 2837 2032 2893 425
2081 2835 2320 2913 ἄρχονης
2358 2841 2477 2907 κλη-

305 2909 471 2979 ρωωί,
499 2907 834 2982 χειροτυνητυὶ
867 2910 1161 2982 etatem,
1199 2928 1539 2982 quamquam
1579 2910 1695 2962 duo
1730 2916 2022 2997 postrema
2066 2914 2301 2965 nomina
2344 2931 2479 2983 pro-
2545 2950 2550 2957 .

304 2979 523 3031 misene
557 2989 923 3050 usurpantur.
1000 2981 1089 3036 cf.
1126 2980 1385 3037 Boeekb.
1420 3000 1677 3053 prooem.
1723 2980 1846 3038 md.
1897 2979 2057 3036 lectt.
2108 2981 2303 3036 Berol.
2337 2990 2479 3036 aest.

309 3049 453 3102 1830
499 3063 551 3115 Ρ.
590 3052 640 3103 6.
728 3052 1046 3106 Hermann.
1086 3051 1157 3106 de
1201 3055 1442 3122 vestigg.
1482 3061 1626 3107 vett.
1661 3054 1869 3106 institt.
1916 3070 2009 3125 ap.
2055 3053 2359 3108 Platonem
2407 3055 2480 3107 de

307 3118 460 3189 legg.
481 3134 537 3186 Ρ.
556 3122 646 3175 40.
665 3148 731 3162 -
775 3124 1045 3178 Ceterum
1084 3123 1156 3176 de
1189 3124 1471 3178 sortiendi
1506 3126 1732 3177 ratione
1770 3141 1838 3177 ae
1870 3125 2045 3178 modo
2071 3124 2144 3178 ef.
2163 3126 2483 3180 Tittmann.

308 3211 366 3262 p.
413 3193 521 3246 309
567 3212 654 3265 sq.
743 3195 1138 3266 Peragebatur
1184 3216 1254 3250 ea
1302 3198 1365 3250 in
1415 3196 1631 3250 Thesei
1677 3195 1890 3269 templo
1940 3193 2234 3262 (Aeschin.
2267 3197 2308 3254 l.
2345 3198 2386 3253 1.
2422 3218 2479 3269 p·

194 3302 201 3309 Ι
308 3258 468 3332 399.)
510 3264 1042 3339 adhibebanturque
1091 3273 1150 3321 et
1171 3268 1389 3339 ’.κύαμοι
1432 3276 1492 3321 et
1534 3265 1757 3322 πινάκια
1803 3268 2130 3323 nominibus
2172 3272 2482 3341 petitorum

311 3336 602 3406 inscripta.
688 3337 931 3391 Duabus
979 3341 1142 3391 urnis
1198 3341 1401 3412 positis
1446 3343 1508 3393 in
1558 3339 1798 3392 alteram
1843 3338 2094 3394 tabellae
2138 3344 2199 3394 in
2247 3341 2484 3397 alteram

309 3405 483 3458 fabae
520 3407 898 3464 indebantnrt
934 3413 1098 3463 euius
1134 3427 1345 3465 nomen
1382 3410 1556 3473 simul
1594 3429 1721 3464 eum
1756 3411 1892 3465 faba
1928 3414 2069 3466 eerti
2105 3413 2316 3468 eoloris
2365 3416 2484 3467 exi-

316 3481 477 3544 isset,
513 3480 563 3530 is
600 3498 707 3550 pro
749 3486 959 3541 creato,
981 3488 1124 3534 erat.
1178 3483 1333 3536 Hine
1366 3482 1657 3555 κναμεύειν,
1694 3480 1799 3537 ἀπὸ
1831 3483 2034 3544 κυάμου
2063 3485 2253 3556 λαχεῖν.
2314 3488 2484 3539 Dem.

311 3551 375 3600 in
413 3549 666 3602 Timocr.
748 3587 760 3601 .
801 3553 925 3611 747.
999 3550 1232 3623 Ulpian.
1280 3572 1336 3625 p.
1374 3554 1482 3607 239
1530 3558 1599 3610 C.
1662 3555 1837 3608 Petit.
1878 3554 2057 3625 Legg.
2097 3559 2216 3610 Att-
2260 3568 2316 3621 Ρ.
2363 3559 2488 3612 303.

315 3619 438 3671 Sed
477 3620 632 3694 quod
670 3569 807 3674 alibi
844 3626 1055 3694 passim
1090 3622 1304 3696 factum
1345 3631 1455 3692 est,
1495 3633 1571 3679 ·ut
1621 3645 1653 3679 e
1706 3634 1863 3680 certo
1910 3645 2146 3680 numero
2194 3626 2487 3682 bominum

314 3690 605 3761 suffragiis
645 3692 955 3747 electorum
992 3698 1197 3752 sortito
1235 3700 1601 3765 magistratus
1628 3705 1988 3770 caperentur,
2025 3698 2079 3751 id
2102 3698 2344 3754 Athenis
2365 3718 2487 3754 non

313 3762 492 3817 fiebat
529 3763 623 3828 (ef.
665 3764 736 3816 de
775 3767 990 3819 eomitt.
1025 3786 1081 3836 p·
1116 3767 1252 3834 3⁶29)
1301 3768 1414 3821 nisi
1459 3769 1521 3821 iu
1567 3770 1903 3823 sacerdotiis
1949 3769 2285 3842 quibusdam
2336 3779 2393 3827 et
2426 3776 2489 3826 in

311 3834 604 3890 iudicibus
652 3838 1021 3906 Dionysiaeis
1068 3833 1216 3905 (vid.
1265 3838 1398 3892 infr.
1439 3835 1491 3909 ἕ.
1528 3839 1697 3908 LVI,
1747 3842 1783 3896 6
1831 3849 1888 3894 et
1940 3837 2066 3909 25.)
2134 3844 2283 3897 Nam
2333 3843 2489 3920 quod

313 3901 579 3962 Platner.
617 3907 879 3977 Symbol.
916 3928 972 3980 p.
1010 3908 1080 3964 87
1119 3909 1191 3973 de
1226 3928 1437 3963 novem
1489 3910 1862 3965 archontibus
1907 3913 2057 3966 idem
2107 3919 2334 3979 statuit,
2381 3916 2493 3969 bae

314 3982 654 4036 coniectura
688 3997 808 4033 non
847 3999 990 4052 opus
1029 3988 1144 4044 est,
1176 3983 1228 4033 si
1263 3981 1594 4052 Apollinem
1629 3985 1909 4037 Patritum
1960 3986 2270 4057 iovemque
2303 3989 2490 4041 Pene-

316 4052 678 4191 t2ra§len;7‘non
717 4070 753 4105 a
786 4051 929 4105 solis
963 4056 1226 4125 ymmoe't'f
1258 4052 1446 4109 cultos
1487 4073 1617 4108 esse
1650 4066 1952 4128 ponamus.
2005 4055 2145 4110 vid.
2181 4076 2333 4132 supr.
2370 4079 2491 4133 cap.

447 4225 511 4298 1)
549 4233 641 4284 De
701 4201 983 4303 dompioeo'laegt
1037 4231 1469 4299 magistratuum
1500 4248 1503 4251 ’
1529 4231 1604 4311 ef.
1650 4232 1905 4287 Platner.
1955 4234 2218 4305 Symbol.
2266 4256 2324 4309 p.
2366 4237 2492 4293 229.

214 4337 223 4343 -
320 4301 582 4358 Process.
618 4302 651 4354 1
694 4321 750 4372 p.
789 4302 895 4357 317
931 4318 1055 4375 sqq.
1140 4301 1386 4355 Heffter·
1431 4317 1491 4371 Ρ.
1538 4303 1665 4361 360.
1752 4302 2070 4361 'rinmun-
2105 4307 2172 4384 ΕΡ.
2221 4314 2330 4369 320
2373 4336 2496 4388 sqq.

316 4371 525 4426 Meier.
560 4374 735 4427 Proe.
770 4375 893 4427 Att·
926 4392 985 4445 p.
1019 4373 1129 4428 2⁰2
1165 4391 1294 4447 sqq.
1637 4426 1641 4431 .
2089 4402 2092 4405 “
