3067 4975
608 358 758 434 308
1018 359 1092 430 V.
1141 356 1260 428 De
1308 379 1399 428 re
1434 355 1751 456 publica
1798 358 2393 472 Atheniensium.

620 567 784 621 rum
837 539 1308 611 scenicorum
1361 533 1628 610 diebus
1676 542 2173 638 pauperiores
2219 529 2539 635 pretium
2589 534 2786 639 illud,

620 637 825 744 quod
875 633 1224 708 binorum
1278 634 1503 730 vulgo
1569 632 1968 709 obolorum
2021 639 2303 732 eram),
2356 640 2449 714 de
2485 640 2788 740 publico

621 736 1075 834 acciperent.
1176 729 1292 803 Ab
1362 731 1474 803 his
1535 732 1768 804 initiis
1836 739 2006 807 orta
2067 760 2195 809 res
2253 763 2437 810 mox
2487 741 2613 811 lon
2675 745 2787 813 ius

613 833 1015 940 processit,
1066 827 1257 901 adeo
1310 835 1392 901 ut
1441 833 1517 902 iu
1569 828 1783 903 festis
1883 828 2232 932 lerisque,
2285 837 2508 907 eliam
2547 765 2784 910 siffudi

618 934 898 1014 scenici
947 925 1131 1000 nulli
1181 928 1460 1019 essent,
1509 929 1757 1001 tamen
1807 926 1936 1000 ila
1982 934 2303 1027 pecunia
2415 929 2563 1005 lehi
2612 932 2788 1006 divi-

617 1034 963 1119 deretur,
1046 1022 1203 1098 bini
1265 1027 1341 1097 iu
1392 1024 1736 1123 singulos
1786 1020 1948 1097 dies
1995 1024 2237 1099 festos
2298 958 2542 1118 oholi,
2605 1054 2790 1131 qua-

617 1132 813 1206 terni
871 1128 946 1199 in
998 1121 1327 1213 biduum,
1401 1120 1754 1195 drachma
1801 1124 1875 1193 in
1928 1120 2289 1196 triduum:
2369 1129 2541 1198 nam
2590 1126 2787 1200 ultra

614 1223 1040 1301 drachmam
1087 1245 1242 1292 non
1290 1217 1586 1292 videtur
1662 1218 1913 1292 da‘tum
1976 1245 2142 1293 esse
2171 1224 2260 1312 ⁶).
2358 1222 2457 1295 Et
2504 1224 2785 1296 Demo-

612 1323 899 1403 sthenis
951 1316 1246 1419 quidem
1309 1321 1560 1390 aetate
1619 1312 1818 1389 illam
1867 1320 2257 1414 pecuniam
2321 1344 2786 1421 nequaquam

611 1422 1111 1523 pauperiores
1182 1409 1695 1487 tantummodo
1766 1414 2237 1511 accipiebant
2264 1416 2347 1501 ⁷).
2474 1416 2785 1505 Quanta

612 1521 863 1593 aulem
903 1518 978 1587 in
1031 1512 1164 1585 has
1216 1511 1666 1608 largitiones
1708 1514 2025 1607 pecunia
2072 1513 2448 1611 insumpta
2495 1517 2616 1608 sit,
2668 1512 2783 1589 vel

570 1616 785 1690 binc
849 1612 1059 1709 patet
1110 1608 1310 1707 quod
1362 1605 1486 1680 01.
1533 1607 1779 1709 XCII,
1844 1610 1894 1681 3
1953 1632 2000 1679 a
2064 1607 2591 1706 quaestoribus
2636 1614 2784 1685 Mi-

609 1736 890 1787 nervae
939 1712 1014 1779 in
1069 1704 1495 1794 dioheliam‚
1550 1703 1619 1776 h.
1673 1729 1744 1777 es
1793 1707 1867 1776 in
1919 1702 2282 1798 theorica,
2344 1710 2573 1780 tertia
2622 1712 2783 1782 eius
2881 1709 2882 1712 ’

612 1811 789 1884 anni
852 1807 1201 1905 prytania
1262 1801 1411 1874 duo
1476 1800 1805 1893 talenta,
1882 1801 2150 1900 quarta
2211 1807 2557 1903 prytania
2607 1807 2780 1878 octo

609 1906 900 1981 talenta
950 1928 1115 1974 cum
1163 1900 1361 1973 mille
1411 1897 1726 1996 amplius
1777 1894 2172 1989 drachmis,
2223 1903 2479 1999 quinta
2581 1907 2781 2001 ryta-

610 2008 738 2076 nia
787 2007 1142 2100 quattuor
1188 1996 1473 2114 talenla
1524 2021 1690 2068 cum
1739 1991 1859 2067 bis
1909 1993 2108 2113 mille
2146 1995 2488 2071 ducentis
2516 1928 2781 2072 drach-

608 2094 1997 2285 ῗίἓὲὴέιῗὲιὲῗξῇ.ἀῖὲὲέἓῗῑὲἴέξῖἓὶῖ
2048 2091 2785 2266 ἒὲἓὴιῖῗῖῗῶῗιᾷἒΐέ

610 2294 933 2393 legimus
977 2293 1079 2389 ⁸):
1169 2315 1360 2389 quae
1436 2312 1676 2388 ,quum
1739 2283 2305 2360 Hellenotamiis
2387 2291 2783 2364 numerata

565 2465 569 2469 ,
612 2391 983 2479 dieantur,
1033 2382 1432 2489 probabile
1485 2388 1641 2476 est,
1714 2385 1793 2454 in
1844 2380 2252 2456 subsidium
2303 2385 2589 2459 tantum
2642 2386 2778 2459 ho-

602 2512 770 2564 rum
826 2491 1151 2580 aerario,
1203 2508 1298 2559 ex
1349 2509 1497 2585 quo
1523 2482 1671 2554 ista
1699 2477 2001 2578 largitio
2038 2480 2431 2579 eroganda
2459 2486 2661 2558 esset
2685 2486 2779 2583 9),

662 2590 997 2659 ecuniam
1081 2609 1181 2656 ex
1267 2581 1507 2655 altero
1574 2581 1873 2669 aerario
1939 2575 2224 2668 datam,
2301 2606 2393 2655 ne
2449 2608 2542 2656 ue
2611 2607 2778 2660 esse

602 2686 838 2782 lgitur
901 2681 1103 2754 illam
1168 2681 1493 2752 omnium
1556 2700 1749 2775 quae
1811 2671 1941 2747 illo
1992 2682 2330 2773 tempore
2430 2677 2780 2756 istributa

602 2784 758 2858 sint
804 2779 1314 2854 theoricorum
1362 2769 1856 2862 summamffl).

1514 2990 1582 3068 ς.
1621 2975 1872 3050 Lxx.

792 3130 1013 3209 Aliud
1089 3134 1331 3206 minus
1397 3128 1911 3225 sumptuosum
1986 3124 2371 3231 multoque
2405 3095 2774 3205 ‘laudabi-

598 3234 747 3308 lius
823 3231 1327 3328 largitionum
1365 3251 1612 3326 genus
1684 3250 1730 3297 a
1792 3222 2082 3298 Solone
2114 3224 2178 3324 ¹)
2241 3225 2396 3321 vel,
2484 3237 2569 3301 ut
2646 3229 2768 3303 alii

739 3506 804 3580 5)
852 3492 1146 3562 Demosth.
1187 3524 1274 3574 pr.
1331 3521 1526 3556 coron.
1563 3514 1618 3568 Ρ.
1654 3503 1782 3570 234,
1842 3504 1915 3558 23
1968 3522 2015 3557 c.
2061 3509 2181 3559 not.
2217 3503 2534 3567 Schaeferi.
2612 3509 2766 3566 Hinc

598 3583 766 3637 etiam
804 3580 1070 3651 διωβελίας
1101 3593 1312 3630 nomen
1352 3575 1424 3628 de
1458 3574 1748 3629 theoricis.
1819 3574 2074 3635 Bocckh.
2112 3589 2166 3644 Ρ.
2202 3580 2327 3634 238.

610 3724 617 3733 η
739 3688 806 3755 6)
843 3683 1100 3741 Boeckh.
1135 3696 1192 3750 P.
1227 3681 1454 3754 238·sq.

735 3794 799 3866 7)
838 3788 1354 3850 Pseudodemosth.
1390 3788 1639 3864 Philipp.
1678 3792 1772 3845 lv·
1806 3803 1863 3858 Ρ.
1902 3792 2027 3856 141,
2065 3791 2151 3847 18.

587 3980 645 4033 A
733 3903 1016 4031 &legor-p.
1062 3900 1243 3953 Inscr.
1291 3916 1391 3952 no.
1447 3897 1552 3954 147
1588 3917 1648 3953 v·
1686 3899 1774 3954 lo.
1810 3898 1898 3956 12.
1936 3899 2022 3954 14.
2054 3900 2145 3954 22.
2182 3900 2271 3955 23.
2327 3899 2598 3976 'Boecklu
2636 3919 2757 3961 oec.

646 4010 661 4030 .
696 3990 752 4044 Ρ.
928 3991 1053 4046 sqq.
2168 3994 2172 3998 ·

732 4081 798 4155 9)
835 4082 975 4139 vid.
1011 4077 1146 4134 infr.
1183 4079 1238 4148 §.
1277 4078 1349 4133 77
1388 4082 1529 4132 extr.

730 4192 823 4259 lo)
857 4186 1191 4247 Boeckhius
1238 4189 1271 4242 1
1319 4200 1374 4254 Ρ.
1422 4187 1528 4241 241
1573 4205 1822 4242 annuam
1857 4205 2132 4242 summam
2168 4184 2628 4243 XXV—XXX
2663 4190 2748 4239 ta-

578 4266 754 4323 lentis
791 4268 1067 4319 aestimat.
2119 4303 2128 4309 .

721 4375 783 4453 1)
820 4373 1013 4430 Schol.
1045 4367 1316 4429 Aeschin.
1350 4373 1487 4425 tom.
1519 4366 1580 4424 Π
1612 4378 1672 4433 Ρ.
1708 4365 1814 4424 738
1837 4358 2052 4424 ’ΒεῖεῙε.
