3067 4975
604 386 754 464 358
1013 388 1091 464 V.
1140 391 1262 467 De
1310 415 1400 467 re
1435 389 1753 491 publica
1799 389 2389 471 Atheniensium.

614 573 766 646 tem
814 571 1371 669 magistratum,
1445 599 1597 648 non
1669 598 1990 646 annuum
2055 570 2258 645 illum
2325 568 2459 645 sed
2523 573 2801 650 incerti

618 673 1018 768 temporiS,
1095 696 1289 746 unus
1339 668 1653 744 baberet
1721 667 1816 742 ab
1870 675 2037 770 ipso
2090 671 2578 760 constitutae,
2646 673 2799 745 ἐπι-

614 770 887 857 μελητοῦ
932 770 1232 840 nomine
1260 769 1350 858 3).
1446 769 1525 841 Is
1588 771 2077 864 magistratus
2126 767 2517 845 Demetrio
2583 792 2799 845 mau-

619 857 1034 955 datusest,
1100 867 1243 944 civi
1307 868 1556 937 Attico
1610 890 1651 937 e
1704 890 1905 965 pago
1941 861 2378 954 Phalereo,
2457 863 2802 963 pbiloso-

619 955 844 1063 phiae
906 963 984 1033 et
1051 965 1235 1038 artis
1300 965 1686 1036 oratoriae
1751 987 1918 1036 non·
1971 959 2454 1034 mediocriter
2517 965 2800 1059 perito,

616 1079 1057 1157 morumque
1137 1057 1520 1159 probitate
1589 1060 1667 1131 et
1741 1057 2143 1157 prudentia
2212 1055 2502 1130 civibus
2588 1083 2799 1132 com·

507 1161 513 1178 ¹
615 1149 967 1235 mendato
995 1155 1094 1250 ⁴),
1149 1159 1276 1257 qui
1327 1181 1466 1256 per
1514 1152 1772 1227 decem
1824 1155 2177 1254 deinceps
2230 1179 2471 1226 annos
2500 1155 2563 1246 ⁵)
2612 1157 2796 1227 civi-

617 1253 753 1322 tati
804 1250 1133 1351 praefuit
1178 1278 1485 1353 remque
1539 1250 1911 1353 publicam
1964 1248 2368 1324 salubriter
2416 1253 2804 1324 tractavit.

618 1348 952 1421 Instituti
1005 1347 1100 1421 ab
1157 1349 1301 1424 hoc
1349 1347 1972 1450 nomophylaces,
2056 1351 2180 1447 qui
2244 1356 2320 1420 et
2370 1351 2800 1422 ceterorum

557 1506 561 1510 ,
617 1446 1187 1540 magistratuum
1240 1445 1962 1519 administrationem
2016 1442 2517 1537 custodirent,
2594 1453 2668 1517 et
2714 1447 2801 1518 in

620 1544 939 1614 comitiis
991 1543 1356 1637 viderent,
1408 1569 1502 1617 ne
1558 1540 2270 1644 quid‘contraleges
2303 1545 2663 1640 ageretur
2690 1545 2802 1633 ⁶):

614 1644 1065 1728 γυναικονόμοι
1110 1640 1205 1714 ad
1258 1640 1630 1713 luxuriam
1685 1643 1950 1712 civium
2001 1642 2419 1739 nimiosque
2451 1640 2803 1738 sumptus
2859 1652 2864 1655 “

621 1737 1129 1821 conviviorum
1204 1737 1666 1813 coercendos
1695 1738 1796 1829 ⁷):
1873 1736 2085 1835 leges
2146 1739 2348 1812 latae
2418 1740 2805 1837 sumptua-

619 1833 778 1903 riae
833 1834 909 1904 et
955 1837 1390 1911 iudiciariae
1425 1837 1526 1927 ὅ).
1578 1832 2137 1933 rhapsodorum
2186 1834 2670 1911 recitationes
2712 1835 2798 1906 in

618 1941 918 2000 scen'am
971 1930 1318 2006 inductae
1345 1937 1445 2025 9):
1498 1929 1788 2007 reditus
1839 1934 2159 2004 civitatis
2206 1929 2550 2022 aucti¹⁰);
2598 1927 2793 2013 urbs

619 2022 976 2121 operibus
1027 2027 1274 2107 multis
1325 2030 1758 2126 ornata¹⁰);
1811 2025 2075 2129 quibus
2125 2022 2356 2103 rebus
2456 2052 2626 2103 uum
2656 2031 2803 2106 ini-

618 2122 728 2192 tio
783 2117 1245 2223 principatus
1296 2131 1668 2225 insignem
1723 2129 1991 2209 civium
2039 2122 2374 2198 favorem
2476 2150 2798 2210 onores-

622 2243 768 2319 que
839 2223 1191 2297 insolitos
1257 2223 1818 2323 meruissem),-
1888 2219 1986 2296 ad
2064 2236 2485 2298 extremum
2546 2227 2802 2299 tamen

760 2492 829 2572 a)
868 2499 1108 2557 meam.
1143 2503 1371 2571 xm,
1407 2504 1498 2561 74.

761 2602 828 2676 4)
876 2609 1076 2662 Vitam
1124 2611 1248 2663 eius
1295 2614 1591 2681 Diogenes
1637 2609 1906 2666 Laertius
1953 2605 2296 2661 brevissime
2342 2614 2541 2663 narrat
2583 2597 2686 2667 lib}
2733 2609 2804 2662 V

625 2695 747 2747 cap.
783 2681 864 2746 ἃς
920 2686 1242 2736 accuratius
1281 2684 1355 2737 R.
1395 2682 1613 2744 Dohrn‚
1662 2685 1982 2735 Commeat.
2019 2678 2220 2732 histor.
2260 2679 2333 2732 de
2368 2682 2491 2734 vita
2523 2682 2588 2736 'et
2619 2681 2801 2735 rebus

619 2749 898 2815 Demetrii
934 2752 1202 2817 Phalerei
1238 2755 1624 2827 Peripatetici.
1684 2752 1802 2806 Kil.
1846 2753 1997 2806 1825.
2032 2748 2088 2804 4.

763 2856 825 2920 5)
881 2858 976 2921 Ab
1017 2858 1111 2912 Ol.
1152 2861 1373 2924 CXVI,
1412 2862 1441 2913 l
1481 2863 1558 2921 in.
1596 2858 1670 2913 ad
1708 2858 1802 2911 Ol.
1842 2860 2114 2925 CXVIII,
2151 2860 2189 2913 2
2227 2865 2402 2912 extr..
2443 2859 2583 2913 Non
2618 2858 2801 2928 longo

621 2933 754 2996 post
798 2939 1121 3002 susceptum
1175 2951 1209 2984 a
1258 2934 1551 2987 Demetrio
1599 2932 1993 2999 magistratum
2044 2939 2301 3002 tempore
2350 2950 2552 2983 census
2598 2932 2802 3002 populi

621 3010 780 3052 actus
830 3002 1088 3069 videtur,
1151 3003 1222 3055 de
1272 3022 1386 3074 quo
1421 3001 1757 3056 Athenaeus
1794 3003 1883 3053 VI
1922 3022 1975 3071 p.
2009 3002 2116 3053 272
2154 3004 2221 3054 Β.
2263 3021 2295 3054 e
2334 3001 2581 3055 Ctesicle
2621 3003 2801 3058 refert

618 3070 892 3144 εὑρεθῆναι
921 3073 1220 3139 Ἀθηναίους
1248 3074 1352 3146 μὲν
1386 3075 1676 3144 δισμυρίους
1705 3070 1836 3146 πρός
1862 3076 1966 3128 τοῖς
1989 3074 2187 3142 χιλίοις,
2226 3076 2478 3143 μετοίκους
2496 3074 2551 3126 δὲ
2571 3079 2798 3148 μυρίους,

617 3143 820 3266 gnezni*
856 3143 927 3266 ιδὲ
970 3146 1234 3271 μυὲιιιὲδας
1274 3148 1666 3221 τεσσαράκοντα.
1738 3147 1832 3198 De
1879 3151 2135 3215 tempore
2181 3145 2254 3197 cf.
2317 3147 2417 3216 qui
2466 3148 2713 3199 citantur
2757 3165 2799 3200 a

680 3233 849 3267 rauer
879 3234 912 3268 o
949 3237 1004 3288 p.
1045 3223 1058 3238 ⁶
1185 3237 1269 3290 sq.

761 3316 825 3388 6)
867 3321 956 3375 Cf.
995 3343 1150 3394 supr.
1189 3343 1311 3396 cap.
1350 3325 1385 3378 6
1422 3319 1472 3396 ξ.
1507 3323 1598 3391 66,
1640 3324 1693 3388 3,
1770 3319 2015 3377 Ulla-ich.
2054 3319 2126 3376 de
2161 3320 2568 3376 undecimviris
2588 3335 2642 3388 Ρ.
2665 3324 2794 3381 268.

765 3423 827 3496 7)
876 3430 966 3480 De
1012 3428 1121 3483 hoc
1167 3433 1503 3500 magistratu
1540 3429 1660 3487 vid.
1696 3430 1903 3483 Meier.
1946 3431 2110 3482 Proc.
2150 3429 2266 3481 Att.
2304 3441 2359 3494 p.
2397 3429 2486 3483 97.
2556 3433 2793 3485 institu-

619 3500 710 3624 ἐξ
746 3517 815 3635 284
830 3498 1125 3555 Demetrio
1172 3519 1640 3587 gynaeconomos
1692 3501 1902 3575 probat
1935 3498 2198 3563 Boeckh.
2237 3500 2306 3553 de
2343 3500 2694 3561 Philochoro
2731 3523 2789 3576 p.

761 3677 822 3745 8)
873 3679 918 3732 Ε
969 3680 1334 3751 sumptuariis
1379 3676 1611 3747 legibus
1647 3696 1821 3731 unam
1860 3682 2136 3741 memorat
2173 3678 2379 3732 Cicero
2418 3678 2489 3734 de
2525 3677 2675 3750 legg.
2712 3682 2793 3742 11,

621 3751 710 3819 26,
749 3751 820 3804 de
856 3752 1120 3815 funerum
1159 3751 1666 3823 sepulcrorumque
1703 3750 2158 3817 magnificentia3
2207 3751 2557 3818 iudiciariae,
2595 3752 2665 3809 de
2700 3754 2798 3809 εἷς.

622 3825 889 3893 αγγελίοιις
937 3843 971 3875 a
1018 3823 1304 3878 iudicibus
1352 3821 1512 3875 mille
1575 3823 1888 3890 'fingentis
1924 3819 2273 3890 iudicandis,
2329 3826 2654 3886 meminisse
2700 3827 2790 3878 vi·

622 3894 788 3947 detur
822 3894 1035 3955 Pollux
1073 3896 1237 3963 vm,
1273 3896 1361 3948 33.
1437 3891 1528 3947 Cf.
1608 3913 1640 3947 o
1677 3895 1893 3956 comitt.
1932 3904 1988 3969 P.
2029 3894 2152 3958 213.

760 3997 826 4072 9)
863 3999 1147 4066 Athenae.
1183 4002 1334 4055 XIV
1366 4021 1421 4072 p.
1457 4000 1586 4067 620.

763 4104 857 4174 10)
893 4110 1062 4177 Diog.
1098 4107 1284 4160 Laert.
1321 4105 1360 4160 1.
1398 4105 1441 4159 l.
1477 4125 1523 4160 s·
1560 4106 1648 4161 75.
1683 4107 1854 4161 Mcc
1893 4106 2109 4161 talenta
2145 4125 2335 4168 annua
2361 4106 2469 4166 suh
2490 4107 2785 4169 Demetrio

621 4178 853 4235 rediisse
888 4178 1024 4242 dicit
1058 4182 1234 4269 Duris
1272 4197 1360 4249 ap·
1394 4177 1680 4241 Athenae.
1715 4180 1838 4240 XII
1868 4199 1925 4258 p,
1963 4181 2087 4242 542.

764 4280 856 4351 ll)
894 4287 1066 4354 Diog.
1103 4287 1295 4338 Laert.
1328 4284 1368 4338 l.
1405 4284 1445 4338 l.

762 4392 854 4457 12)
905 4390 1194 4446 Plutarch.
1232 4412 1275 4445 r.
1310 4412 1366 4464 p.
1400 4411 1519 4462 ger.
1556 4400 1843 4468 praecept.
1889 4412 1938 4448 c.
1971 4394 2060 4451 27.
2128 4393 2297 4461 Diog.
2331 4392 2523 4446 Laert.
2558 4392 2638 4460 V,
2670 4392 2706 4446 5
2742 4411 2786 4444 s.
