3067 4975
548 352 697 428 216
951 353 1033 430 V.
1078 354 1199 429 De
1245 377 1335 428 re
1370 351 1688 455 publica
1735 353 2326 431 Athenobmazaem.

556 531 721 630 bat,
780 534 1309 637 praeterquam
1367 533 1577 612 feriis
1603 534 1701 632 2).
1815 532 1975 609 Sed
2042 561 2265 637 quum
2323 533 2725 611 molestum

556 637 786 734 atque
830 630 1381 709 incommodum
1431 637 1663 725 esset,
1712 634 2166 732 quingentos
2217 630 2551 735 quotidie
2587 633 2724 708 bo·

555 735 796 805 mines
842 727 1093 802 multis
1142 726 1291 804 diei
1340 729 1549 803 boris
1596 732 1676 800 in
1728 732 1939 802 curia
1987 732 2229 803 teneri
2253 734 2355 822 ὅ),
2404 733 2721 804 interes-

556 828 680 918 set
726 829 975 899 tamen
1022 828 1137 899 rei
1237 823 1529 900 ublicae
1577 823 1783 899 nullo
1831 850 1987 899 non
2051 832 2432 922 tempore,
2502 852 2726 925 prae·

556 925 822 998 sertim
902 918 1000 994 ad
1079 948 1170 995 su
1226 925 1332 998 ita
1392 923 1747 1020 negotia,
1822 918 2091 997 adesse
2214 920 2531 996 uosdam
2602 926 2730 1024 qui

618 1015 771 1091 uod
819 1043 946 1091 res
992 1017 1422 1118 postularet
1470 1023 1635 1092 sine
1683 1042 1899 1091 mora
1926 1043 2113 1093 cons
2193 1023 2447 1112 erent,
2494 1017 2730 1094 tribu-

563 1045 700 1190 tlim
752 1112 991 1190 diviso
1043 1118 1315 1191 senatu
1362 1118 1778 1190 institutum
1830 1121 2046 1207 erat,
2074 1119 2161 1189 ut
2208 1114 2555 1214 singulae
2604 1142 2728 1190 se-

564 1213 914 1290 natorum
961 1210 1207 1287 tribus
1257 1215 1582 1287 vicissim
1620 1236 1767 1357 per
1816 1209 2174 1294 decimam
2224 1216 2517 1311 partem
2553 1215 2732 1286 anni
2811 1271 2814 1276 .

565 1309 751 1383 totis
801 1305 1066 1383 diebus
1113 1308 1600 1384 considerent
1651 1312 1713 1401 ).
1799 1309 1897 1382 Hi
1945 1317 2304 1408 prytanes
2355 1306 2560 1403 dicti,
2610 1334 2735 1385 se-

565 1406 1057 1507 naculumque
1119 1409 1378 1481 eor‘um
1436 1414 1880 1507 prytaneum
1909 1407 2015 1501 ⁵).
2121 1407 2208 1480 ln
2285 1405 2431 1479 boc
2508 1408 2734 1480 etiam

572 1509 993 1576 convictum
1056 1501 1159 1578 de
1212 1500 1515 1602 publico
1581 1499 1999 1595 habebant,
2077 1499 2736 1603 invitabanturque

571 1597 814 1718 eossad
866 1623 1179 1674 coenam
1225 1599 1355 1721 alii
1407 1595 1706 1701 quoque
1755 1597 1871 1673 vel
1963 1601 2293 1699 eregrini
2341 1597 2457 1673 vel
2509 1601 2739 1719 cives,

571 1692 1237 1892 33332333123
1270 1692 2046 1892 51¹521¹32⁶1312¹512²51¹2¹0t¹222
2068 1698 2406 1893 {1⁸5ssssss
2409 1693 2743 1891 {23:333

571 1891 650 1968 in
700 1914 857 1965 rem
903 1890 1278 1990 publicam
1328 1893 1597 1966 merita
1622 1893 1715 1986 6).
1820 1890 2200 1990 Prytanes
2261 1896 2507 1964 autem
2569 1914 2742 1968 rur-

574 2010 708 2060 sus
754 1990 830 2060 in
876 1991 1204 2089 quinque
1255 1988 1602 2065 decurias
1652 1983 2196 2080 dividebantur,
2249 2010 2562 2086 quarum
2591 1988 2743 2060 sin-

573 2081 802 2179 gulae
870 2088 1195 2161 vicissim
1250 2112 1392 2185 per
1453 2085 1815 2183 septenos
1878 2081 2039 2158 dies
2098 2082 2405 2185 reliquis
2450 2084 2746 2180 praesi-

574 2304 666 2361 lut
707 2310 770 2363 in
822 2329 953 2365 arce
1009 2310 1182 2377 (Xen.
1243 2308 1396 2401 Bell.
1444 2310 1553 2376 VI,
1598 2311 1654 2380 4,
1702 2308 1817 2377 20.)
1864 2315 1925 2393 ct
1956 2311 2019 2364 in
2053 2306 2354 2399 Eleusinio
2390 2304 2642 2376 (Andos.
2675 2301 2749 2358 de

575 2387 755 2506 {3:12
771 2378 1005 2531 2⁶25}
1013 2378 2267 2530 ⁶÷.‘}'33.J23·1„¹321¹;?i¹57¹5{iuhfflzutsst
2299 2378 2757 2514 ἐ”ιὲῗξῗῗὲἆῖ

576 2528 801 2584 Andoc.
879 2568 892 2584 .
912 2526 1029 2583 176-
1064 2531 1158 2587 De
1183 2534 1387 2588 ordine
1409 2528 1669 2590 sedendi,
1703 2529 1985 2590 καθέζεθαι
2003 2528 2059 2580 ἐν
2120 2525 2150 2542 “’
2237 2525 2461 2597 ἅμματα,
2493 2525 2753 2586 Pbilocb.

584 2617 670 2672 ap.
706 2601 844 2654 scbo
870 2638 885 2653 .
932 2598 1225 2673 Aristopb.
1271 2603 1426 2659 Plut.
1473 2604 1553 2656 V.
1587 2599 1714 2655 973.
1789 2599 1878 2651 De
1912 2544 2508 2672 ιιγωὲὖξνφακτως,
2542 2599 2763 2666 menimis·

579 2672 875 2745 Aristoph.
906 2671 1127 2743 Equitt.
1160 2672 1286 2731 641.
1323 2677 1449 2732 665.
1484 2674 1609 2729 675·

726 2776 791 2847 2)
825 2777 1042 2832 Pollux
1077 2779 1249 2847 vm,
1283 2780 1386 2836 952
1423 2778 1674 2853 ὁσημέραι
1704 2771 1837 2842 πλὴν
1867 2771 1991 2829 ὅταν
2026 2772 2209 2847 don&
2235 2794 2308 2837 us·
2336 2771 2592 2853 2'1'.Huc
2624 2798 2756 2852 per·

585 2852 774 2905 tinent
821 2850 943 2903 dies
990 2849 1124 2904 festi
1174 2858 1233 2906 et
1281 2852 1336 2906 d.
1391 2851 1681 2921 religiosi,
1729 2845 2040 2920 ἀποφράδες.
2096 2847 2186 2902 Gt'.
2227 2849 2299 2904 de
2338 2853 2555 2906 comitt.
2589 2872 2648 2924 Ρ.
2686 2851 2760 2905 49

586 2940 673 2994 sq.
725 2923 892 2976 Proc.
945 2925 1067 2976 Att.
1113 2943 1169 2995 p.
1220 2925 1341 2980 152.
1379 2927 1507 2977 Ast.
1545 2921 1617 2975 ad
1653 2918 1804 2975 Plat.
1836 2918 2017 2987 Legg'.
2051 2935 2107 2989 p.
2140 2919 2266 2976 357.
2337 2924 2649 2977 Decretum
2685 2922 2761 2976 de

584 2993 759 3066 ἄφεηῒ
789 2992 946 3068 βουλῇ
978 3002 1166 3048 exstat
1195 3014 1282 3067 ap.
1320 2994 1605 3050 Athenae.
1638 2994 1728 3047 lv
1754 3009 1810 3062 p.
1849 2989 1968 3043 171.
1991 2988 2061 3043 Ε.

728 3095 796 3167 3)
834 3099 910 3154 Et
956 3100 1188 3173 plurimi
1235 3102 1337 3156 τῶν
1370 3101 1585 3156 ῑδιωπῧν
1618 3118 1696 3152 ne
1733 3097 1938 3152 adesse
1975 3094 2205 3167 quidem
2239 3096 2571 3173 frequentes
2609 3099 2763 3153 sole-

588 3169 747 3223 bant.
783 3172 1082 3227 Demosth.
1118 3177 1180 3228 in
1215 3173 1462 3229 Δηὼ-οι.
1500 3193 1556 3245 Ρ.
1595 3172 1718 3238 604,
1755 3168 1841 3223 28.
1921 3168 2213 3221 Dicuntur
2249 3175 2401 3225 enim
2451 3172 2535 3226 ibi
2568 3172 2768 3227 &aaran

590 3244 706 3313 ipsi
753 3250 1050 3298 senatores
1101 3248 1143 3298 ii
1201 3248 1300 3318 qui
1361 3246 1524 3317 quasi
1573 3242 1816 3314 pedanei
1860 3256 1981 3291 non
2026 3238 2294 3297 solebant
2339 3243 2412 3296 ad
2461 3243 2765 3297 dicendum

594 3327 858 3382 surgeret
908 3314 1049 3370 alibi
1095 3317 1289 3371 ῖδιῶται
1322 3314 1686 3401 senatoribus
1721 3314 2119 3386 opponuntur,
2165 3320 2230 3365 ut
2265 3316 2429 3368 Dem.
2468 3315 2540 3368 de
2575 3313 2618 3367 f.
2651 3314 2765 3384 leg,

593 3402 652 3456 Ρ.
670 3386 807 3449 346,
847 3386 934 3439 18.
971 3387 1039 3439 Si
1076 3387 1214 3460 quid
1250 3397 1440 3441 autem
1480 3392 1717 3441 senatus
1752 3386 1977 3439 secreto
2017 3397 2188 3449 agere
2224 3385 2422 3454 vellet,
2458 3385 2519 3439 bi
2554 3386 2752 3439 ἰδιῶται

597 3456 957 3510 arcebantur.
1002 3476 1083 3511 or.
1126 3462 1190 3513 in
1231 3461 1536 3530 Aristogit.
1572 3459 1604 3513 1
1641 3476 1698 3529 Ρ.
1727 3458 1833 3512 776
1868 3452 1940 3508 cf.
1985 3454 2199 3510 Aescb.
2245 3458 2308 3512 in
2345 3460 2502 3513 Ctes-
2538 3477 2596 3530 p·
2630 3457 2768 3512 5162

597 3527 740 3582 alias
785 3530 961 3599 igitur
996 3528 1197 3583 adesse
1232 3531 1305 3583 iis
1343 3540 1402 3586 ct
1436 3528 1637 3585 audire
1673 3528 1902 3584 licebat.

737 3633 806 3703 4)
846 3635 1005 3690 Ordo
1041 3636 1307 3691 tribubus
1342 3643 1500 3691 sorte
1538 3635 1953 3705 assignabatur.
1991 3632 2132 3687 Vid.
2169 3632 2448 3757 Hazpocr.
2482 3651 2531 3688 s.
2550 3652 2609 3688 ν.
2643 3649 2774 3705 πρυ-

595 3703 776 3763 τάνεις.
828 3707 1025 3763 Schol.
1074 3706 1366 3780 Aristopb.
1418 3708 1630 3780 Equitt.
1682 3725 1740 3760 v.
1785 3707 1912 3763 396.
1956 3702 2212 3759 Boeckb.
2314 3744 2330 3760 .
2377 3706 2424 3757 1.
2472 3705 2501 3759 1
2549 3724 2607 3782 Ρ.
2650 3705 2774 3759 234.

604 3775 860 3833 Clintou.
897 3781 965 3835 F:
1001 3781 1076 3835 Η.
1114 3799 1170 3853 p.
1207 3780 1317 3836 356
1352 3780 1540 3849 Kriig.

748 3881 811 3953 5)
848 3886 1089 3960 Proprie
1138 3887 1307 3941 etiam
1356 3885 1514 3943 Θόλος
1544 3883 1641 3939 vel
1674 3883 1857 3941 Σκιάς.
1894 3883 2035 3938 vid.
2070 3885 2320 3939 Pausan.
2362 3863 2415 3949 15·
2444 3884 2498 3936 5.
2539 3881 2590 3935 1.
2627 3881 2776 3933 Har·

601 3970 757 4082 ἔσω.
792 3975 848 4045 ⁸:
877 3977 935 4010 v.
973 3957 1138 4016 Θόλος.
1171 3960 1314 4013 Lex.
1353 3958 1594 4026 Seguer.
1630 3976 1685 4028 p.
1722 3955 1846 4010 264.
1887 3956 2105 4010 Timeo.
2142 3974 2199 4027 p.
2239 3953 2507 4041 143nibiq.
2528 3950 2777 4017 {Ruhnln

658 4031 748 4080 rat
778 4045 846 4101 τῳ
879 4031 1200 4106 βουλευτηρίῳ
1243 4029 1646 4101 propinquum.
1697 4026 1770 4083 cf.
1806 4026 1987 4081 Leak.
2031 4046 2089 4099 p.
2140 4028 2266 4082 177.
2304 4026 2705 4095 «iuvenumque
2743 4041 2781 4075 a

607 4104 805 4157 vetere
859 4102 1152 4171 Prytaneo
1214 4100 1287 4154 ad
1343 4098 1696 4153 occidentem
1758 4100 1905 4152 arcis
1950 4100 2140 4152 situm.
2193 4099 2439 4152 Pausan.
2488 4097 2538 4161 1,
2591 4095 2676 4161 18,
2718 4093 2779 4149 3.

607 4168 783 4226 ῙιοαῙῑ.
820 4190 875 4243 Ρ.
910 4174 1036 4227 202.
1075 4172 1177 4228 Gt'..
1204 4171 1473 4227 Mueller.
1510 4172 1575 4224 iu
1600 4169 1804 4224 Erscb.
1830 4177 1889 4224 et
1917 4169 2099 4224 Grub.
2119 4168 2360 4241 Encycl.
2385 4169 2476 4222 vl
2497 4187 2553 4241 Ρ.
2578 4167 2701 4222 237.
2724 4164 2783 4221 b.

749 4273 816 4347 6)
887 4277 1104 4332 Pollux
1147 4279 1255 4345 IX,
1303 4279 1392 4335 40.
1440 4277 1612 4332 ΡΙιιι-.“
1648 4276 1767 4331 vid.
1825 4276 1897 4329 de
1947 4279 2164 4331 comitt.
2212 4297 2269 4349 Ρ.
2314 4276 2422 4330 335
2473 4291 2558 4345 sq·
2596 4277 2655 4326 et
2690 4289 2779 4348 ap.

613 4348 1054 4407 Westermann.
1092 4349 1165 4405 de
1199 4347 1361 4422 publ.
1394 4347 1534 4406 Atb.
1573 4347 1780 4405 bonor.
1817 4347 2004 4426 (Iaips.
2039 4349 2201 4407 1830.
2234 4343 2318 4420 8.)
2352 4366 2409 4424 Ρ.
2445 4347 2517 4409 45
2552 4361 2675 4420 sqq.
