3067 4975
595 383 743 465 316
897 379 901 384 ’
993 380 1077 459 V.
1119 381 1242 458 De
1284 405 1376 456 re
1407 379 1726 485 publica
1772 381 2360 459 Athembmszam‘.

594 593 691 645 ea
753 565 1008 641 terrae
1067 563 1289 665 parte
1356 587 1555 665 qnae
1614 590 1663 639 a
1726 561 2064 641 Thorico
2111 587 2359 665 usque
2408 562 2503 638 ad
2551 569 2756 641 Ana-

589 664 973 765 phlystum
1054 659 1481 762 pertinebat
1503 665 1593 753 9).
1687 662 1895 735 Haec
1960 688 2006 735 a
2072 661 2385 762 privatis
2447 689 2758 763 posses-

591 760 898 837 sorlhus
947 754 1542 853 exercebantur3
1594 755 1994 832 dominium
2046 759 2212 833 erat
2232 763 2347 832 rei
2378 759 2758 858 publicae,

593 861 716 934 cui
765 856 860 931 ab
911 857 1058 931 illis
1110 862 1188 929 et
1237 853 1491 949 semel,
1544 869 1770 957 quum
1821 859 2156 931 emerent
2201 863 2756 952 possessionen,

586 957 914 1056 pretium
964 979 1244 1046 earum,
1297 955 1376 1027 et
1423 951 1781 1052 deinceps
1822 979 2146 1026 annuum
2177 952 2505 1052 vectigal
2529 981 2756 1056 quar-

587 1062 715 1127 tae
776 1060 852 1127 et
900 1054 1296 1126 vicesimae
1347 1047 1827 1144 solvebatur,
1891 1048 2094 1153 quod
2143 1054 2391 1125 tamen
2442 1078 2567 1126 res
2665 1081 2754 1127 u-

592 1145 785 1228 blica
833 1175 989 1223 non
1036 1151 1061 1221 i
1116 1174 1204 1221 sa
1250 1145 1690 1246 recipiebat,
1741 1146 1877 1221 sed
1910 1146 2333 1247 publicanis
2356 1080 2754 1224 fruend'hm

586 1243 967 1323 elocabat.
1141 1242 1416 1318 ediisse
1467 1269 1568 1318 ex
1615 1247 1711 1318 iis
1761 1243 2293 1322 Themistoclis
2345 1254 2592 1322 aetate
2618 1250 2752 1321 tri-

584 1345 805 1445 ginta
855 1341 1017 1417 fere
1043 1346 1176 1415 aut
1207 1338 1711 1442 quadraginta
1739 1340 2026 1417 talenta
2056 1341 2435 1417 videntur:
2487 1369 2754 1445 quam-

591 1466 813 1542 quam
863 1437 1263 1513 admodum
1311 1441 1566 1512 varius
1615 1437 1755 1511 fuit
1805 1441 1924 1512 hic
1972 1441 2410 1538 proventuS‚
2463 1449 2537 1514 et
2568 1464 2752 1540 pro-

586 1536 909 1613 cedente
976 1543 1122 1611 tem
1183 1560 1316 1610 ore
1364 1533 1753 1633 paullatim
1805 1539 2258 1612 imminutus.
2351 1536 2471 1609 Ea
2518 1564 2752 1635 pecu-

582 1639 714 1709 nia
797 1658 1025 1734 quum
1094 1659 1140 1706 o
1173 1637 1270 1707 im
1344 1630 1636 1706 civibus
1694 1636 1968 1707 viritim
2036 1631 2381 1707 distribui
2445 1634 2756 1730 soleret,

584 1728 1145 1808 Themistocles
1192 1728 1442 1828 leg-em
1486 1727 1800 1828 pertulit
1846 1734 1935 1806 ut
1980 1728 2296 1806 navibus
2345 1729 2751 1807 aedifican-

585 1829 705 1907 dis
751 1826 1313 1950 impenderetur
1342 1826 1469 1925 ¹⁰).

1447 2043 1511 2124 §-
1560 2032 1879 2109 LXXV.

770 2215 913 2318 Ad·
941 2216 1255 2292 alterum
1302 2243 1552 2317 genus
1599 2216 1980 2317 pertinent
2024 2241 2449 2311 servorum,
2509 2219 2753 2319 inqui-

572 2315 896 2393 linorum
947 2341 1357 2416 eorumque
1406 2317 2009 2415 peregrinorum,
2074 2319 2199 2415 qui
2246 2319 2485 2389 artem
2515 2341 2745 2415 quae-

568 2422 868 2491 'stumve
931 2410 1441 2488 tabernarium
1504 2413 1879 2507 facerent,
1963 2408 2246 2485 tributa
2294 2419 2369 2486 et
2416 2413 2748 2511 vectiga-

571 2510 702 2588 lia.
800 2512 902 2585 Et
949 2536 1339 2585 servorum
1439 2511 1686 2585 uidem
1734 2513 1914 2583 trini·
1938 2513 2016 2582 in
2045 2513 2293 2608 capita
2321 2508 2528 2584 oboli
2554 2536 2745 2611 quo-

572 2614 824 2684 tannis
885 2613 1257 2683 numerati
1318 2538 1661 2683 videntur
1689 2607 1788 2698 ¹):
1880 2631 1980 2681 ex
2039 2605 2422 2707 inquilinis
2483 2616 2747 2707 patres

568 2705 895 2781 familias
945 2704 1360 2799 duodenas-2,
1410 2702 1678 2779 viduae
1727 2728 1954 2795 senas
2003 2701 2420 2798 drachmas,
2472 2709 2594 2805 qui
2647 2730 2748 2780 ne

571 2801 969 2878 libertinae
1021 2801 1484 2876 condicionis
1533 2810 1751 2876 erant
1807 2803 2049 2873 trinos
2111 2802 2420 2900 insuper
2470 2799 2622 2875 obo
2655 2828 2750 2876 os

569 2897 1007 3001 pendebant
1032 2899 1120 2997 2).
1218 2901 1631 3000 Utriusque
1656 2895 1914 2972 tributi
1940 2923 2186 2971 annua
2215 2924 2498 2972 summa
2527 2903 2745 3002 quin-

570 3002 939 3100 quaginta
987 2996 1305 3095 amplius
1355 2995 1660 3071 talentis
1709 2996 2089 3070 aestimari
2134 2997 2393 3094 potest
2418 2997 2504 3088 ³).
2589 2997 2745 3072 Ve-

571 3094 880 3194 ctigalia
929 3097 1199 3167 artium
1249 3094 1327 3168 et
1375 3102 1846 3168 mercaturae
1896 3117 2089 3192 quae
2141 3094 2220 3165 et
2321 3095 2552 3166 uanta
2574 3091 2742 3168 fue-

568 3195 726 3266 rint
771 3194 1184 3265 nescimus:
1255 3195 1459 3269 cives
1521 3215 1783 3266 eorum
1844 3192 2207 3261 immunes
2299 3194 2500 3264 uisse
2564 3216 2745 3263 con-

565 3296 721 3364 stat
744 3288 848 3383 ⁴):
934 3287 1284 3364 Ceterum
1332 3276 1520 3364 haec
1571 3290 1822 3365 omnia
1866 3282 2290 3385 publicanis
2339 3284 2743 3361 elocaban-

704 3601 764 3671 9)
809 3604 902 3657 De
945 3599 1034 3655 his
1072 3604 1263 3656 omnia
1302 3599 1566 3656 exhausit
1599 3599 1934 3655 Boecltbius
1970 3602 2040 3654 in
2069 3600 2470 3657 dissertatione
2507 3600 2592 3657 de'
2614 3619 2739 3658 me·

568 3673 725 3730 tallis
761 3674 1122 3739 Laurioticis,
1161 3675 1381 3728 Comm.
1418 3673 1600 3729 Acad.
1635 3673 1891 3727 Berolin.
1931 3689 2064 3728 ann.
2105 3664 2264 3729 1815.

707 3779 808 3853 10)
850 3781 1129 3837 Herodot.
1158 3782 1294 3846 vu,
1333 3781 1456 3838 144.
1524 3779 1816 3834 Plutarch.
1855 3779 2135 3834 Themist.
2171 3800 2221 3835 c.
2257 3780 2311 3834 4.

653 3961 692 4017 4
708 3886 888 4015 ΙέῦΤό
918 3891 1051 3948 τέλος
1078 3889 1180 3944 τῶν
1212 3887 1563 3965 ἀνδραπόδων
1597 3894 2071 3943 commemoratur
2098 3905 2135 3940 ι
2158 3884 2420 3958 Xenoph.
2445 3884 2518 3939 de
2538 3884 2732 3943 reditt.

548 3981 616 4017 ὀ.
692 4000 709 4032 ,
819 3998 833 4015 .

703 4065 770 4139 2)
807 4065 1067 4121 Boeckh.
1100 4088 1156 4141 p.
1193 4067 1303 4126 353
1337 4085 1421 4141 sq.

701 4173 764 4243 3)
801 4174 887 4228 Id„
920 4194 974 4247 p.
1011 4174 1119 4228 355
1151 4191 1238 4247 sq.
1260 4173 1673 4247 inquilinorum
1701 4174 1916 4229 tributa
1931 4173 2104 4243 XXI,
2138 4189 2436 4226 servorum
2457 4170 2727 4226 XXXII!

562 4248 796 4304 talentis
834 4248 1111 4301 aestimat.
2729 4248 2738 4255 “·

700 4352 763 4424 4)
800 4352 884 4411 ld.
918 4372 975 4425 p,
1008 4351 1136 4409 356.
1169 4351 1296 4410 357.
