3067 4975
540 357 637 429 18
877 355 943 430 l.
1011 356 1128 427 De
1183 339 1559 458 Graeciae
1606 319 1761 436 sitio
1808 339 2063 447 magn.
2104 366 2361 453 parit.

543 537 693 615 alia
739 536 947 613 terra
997 538 1070 609 in
1123 536 1274 608 tam
1326 539 1611 634 exiguo
1664 536 1914 637 spatio
1964 536 2095 610 aut
2142 537 2295 609 tam
2333 533 2489 609 lata
2520 540 2708 610 mari

539 634 796 709 littora
863 630 1126 706 obiicit
1151 632 1218 731 ⁵)
1281 631 1644 733 tantaque
1709 636 2001 707 sinuum
2067 631 2535 707 multitudine
2593 637 2709 707 in-

538 730 884 830 terrupta
935 731 1076 823 est,
1127 728 1260 805 aut
1307 728 1426 801 tot
1470 731 1835 820 montium
1881 731 2083 827 iugis
2131 754 2371 830 usque
2415 737 2711 831 quaque

536 829 912 929 porrectis
960 828 1040 900 in
1076 827 1242 902 *tam
1288 822 1566 899 multas
1616 833 1875 926 partes
1926 826 2331 917 dirimitur,
2378 824 2527 900 soli
2574 853 2708 900 na-

539 933 736 1019 tura,
786 923 933 998 situ
987 947 1079 997 ac
1127 922 1323 998 coeli
1369 922 1731 1023 temperie
1780 926 1859 997 in
1923 948 2211 996 summa
2271 925 2709 1024 propinqui·

535 1022 697 1094 tate
769 1020 1091 1095 maxime
1162 1021 1416 1094 tamen
1480 1021 1683 1095 inter
1744 1045 1829 1095 se
1888 1021 2156 1094 varias‘
2202 1023 2282 1094 et
2344 1017 2708 1096 diversas.

535 1114 920 1191 Dividitur
938 1122 1186 1192 autem
1216 1116 1536 1194 Graecia
1567 1119 1644 1191 in
1674 1116 1833 1191 tres
1857 1117 2120 1216 partes
2146 1118 2501 1212 maiores,
2526 1142 2712 1217 qua-

535 1239 704 1288 rum
770 1212 996 1305 duae,
1067 1212 1311 1288 altera
1371 1208 1469 1287 ab
1535 1215 2114 1287 Acrocerauniis
2192 1211 2575 1288 montibus
2637 1223 2710 1288 et

533 1310 635 1385 01
693 1335 865 1410 mpo
917 1306 1015 1383 ad
1069 1308 1549 1385 Ambracium
1599 1313 1841 1384 sinum
1893 1323 1970 1384 et
1991 1309 2420 1402 Maliacum,
2470 1309 2712 1383 altera

539 1338 810 1482 dehinc
857 1404 957 1480 ad
1006 1410 1247 1482 sinum
1302 1405 1775 1482 Corinthium
1808 1408 1903 1481 et
1950 1406 2425 1497 Saronicum,
2475 1409 2710 1481 conti-

535 1530 689 1578 nuo
725 1506 971 1578 tractu
1005 1505 1492 1623 procurrunt,
1542 1506 1772 1594 tertia
1818 1505 2150 1602 angusto
2202 1501 2710 1605 quadraginta

537 1599 960 1676 stadiorum
1005 1600 1278 1674 isthmo
1309 1603 1375 1697 ⁶)
1431 1625 1598 1675 cum
1647 1600 1795 1674 illis
1846 1622 2192 1674 connexa
2242 1601 2383 1692 est,
2423 1625 2711 1688 *omnes

537 1704 785 1772 autem
835 1723 1103 1771 rursus
1154 1695 1632 1774 multifariam
1670 1694 2054 1773 montibus
2102 1693 2380 1797 ubique
2420 1695 2714 1790 discut-3

535 1794 883 1871 rentibus
933 1792 1406 1876 dirimuntur.
2003 1811 2010 1816 ·

1456 2021 1459 2024 ,
1507 1936 1580 2015 §-
1632 1928 1732 2002 11.
1849 1990 1860 2002 ,

723 2042 1060 2115 Primum
1124 2044 1314 2115 enim
1378 2037 1475 2117 ab
1543 2067 1637 2113 eo
1695 2042 2059 2115 montium
2119 2043 2369 2116 tractu
2432 2043 2556 2141 qui
2611 2038 2708 2114 ah

532 2136 796 2235 Illyria
860 2137 1434 2211 et'Macedonia
1486 2141 1884 2212 Graeciam
1948 2147 2287 2238 separat,
2359 2140 2437 2212 et
2498 2141 2710 2211 cuius

531 2241 795 2334 partes
869 2238 1045 2307 sunt
1123 2238 1478 2309 Ceraunii
1555 2239 1632 2308 et
1712 2231 2107 2309 Cambunii
2173 2238 2472 2309 montes
2546 2260 2711 2309 cum

524 2330 865 2433 'Olympo
898 2334 1002 2428 ¹),
1050 2358 1243 2406 unus
1296 2337 1510 2431 quasi
1563 2358 1815 2406 ramus
1868 2331 1962 2407 ad
2013 2332 2398 2407 meridiem
2448 2358 2711 2407 versus

531 2455 1019 2531 procurrenS,
1066 2428 1354 2503 Pindus
1407 2430 1670 2527 (hodie
1694 2428 2093 2530 Agrapha)
2124 2432 2189 2529 2)
2245 2433 2711 2530 superiorem

536 2639 675 2694 Oec.
710 2657 757 2695 r.
791 2657 848 2709 Ρ.
885 2636 1022 2690 Ath.
1059 2639 1110 2691 1.
1151 2658 1202 2710 Ρ.
1241 2638 1314 2691 53
1361 2638 1497 2692 circ.
1544 2637 1616 2689 40
1663 2635 1889 2702 Germ.)
1938 2638 2255 2705 Megaridis
2325 2639 2431 2692 143
2496 2637 2710 2706 (6,74)

530 2709 787 2764 Achaiae
825 2727 951 2761 cum
992 2729 1129 2778 agro
1169 2711 1446 2778 Sicyonio
1500 2714 1557 2760 et
1605 2707 1863 2760 Phliasio
1915 2710 2022 2762 783
2074 2706 2292 2775 (36,90)
2349 2710 2535 2763 Elidis
2583 2729 2710 2762 cum

533 2780 839 2852 Triphylia
911 2781 1018 2834 930
1073 2779 1306 2847 (43,83)
1374 2779 1659 2832 Arcadiae
1721 2781 1857 2832 1701
1924 2780 2165 2848 (80,17)
2219 2781 2514 2846 Argolidis
2582 2800 2709 2833 cum

462 2836 471 2853 l
534 2851 837 2908 Corinthio
877 2870 1015 2919 agro
1057 2861 1114 2904 et
1153 2852 1412 2921 Cynuria
1450 2852 1588 2904 1307
1631 2851 1863 2918 (61,60)
1903 2852 2223 2904 Laconicae
2273 2853 2413 2905 1896
2460 2852 2709 2918 (89,36).
2823 2874 2826 2877 ’

530 2925 856 2977 Messeniae
912 2924 1052 2976 1162
1103 2922 1331 2988 (54,77)
1372 2921 1697 2975 Insularum
1727 2931 1934 2976 ‘autem
1973 2923 2250 2975 Euboeae
2288 2924 2428 2977 1410
2468 2922 2709 2990 (66,45).

535 2999 826 3064 Corcyrae
890 2996 995 3049 211
1057 2992 1252 3059 (934)
1325 2992 1652 3046 Leucadiae
1721 2995 1823 3048 116
1884 2996 2072 3060 (5,47)
2136 2994 2545 3065 cephalleniae
2602 2995 2713 3050 383

533 3067 741 3134 (18,05)
779 3065 1018 3121 Ithacae
1053 3068 1139 3118 222
1163 3065 1334 3130 (1,04)
1370 3064 1655 3134 Zacynthi
1693 3066 1798 3118 153
1837 3064 2020 3132 (731)
2060 3064 2348 3134 Cytherae
2393 3066 2493 3121 126
2531 3065 2709 3135 (5,94)

531 3141 793 3208 Aeginae
828 3141 897 3191 41
947 3134 1131 3205 (1,93)
1173 3135 1482 3189 Salaminis
1531 3138 1603 3190 28
1653 3134 1851 3204 (l,32.)
1893 3137 2013 3189 Sed
2058 3139 2332 3209 pleraque
2368 3137 2574 3192 horum
2610 3139 2710 3192 ad-

531 3213 766 3263 modum
803 3212 1027 3263 incerta
1062 3216 1214 3262 sunt.

674 3318 742 3379 5)
785 3317 847 3368 [n
889 3313 1061 3368 zach.
1097 3312 1400 3385 Ephemer.
1439 3329 1636 3381 geogr·
1674 3318 1811 3363 tom.
1854 3312 1939 3364 ΠΙ
1977 3309 2141 3377 (ann.
2182 3314 2344 3379 1799)
2393 3315 2530 3369 fasc.
2564 3317 2616 3369 4.
2653 3336 2709 3387 p.

531 3389 640 3445 364
679 3391 950 3441 circuitus
986 3386 1242 3439 littorum
1282 3390 1550 3436 censetur
1587 3384 1691 3437 720
1726 3383 1866 3440 mill.
1904 3403 2129 3454 geogr„
2178 3405 2356 3458 quum
2388 3388 2560 3441 Italia
2608 3387 2709 3440 ha.

534 3461 670 3514 beat
704 3461 829 3526 580,
869 3460 1081 3511 Suecia
1118 3459 1243 3525 390,
1284 3455 1476 3509 Gallia
1499 3456 1621 3508 275.
2545 3488 2556 3493 -

667 3564 728 3632 6)
765 3565 958 3618 Strah.
995 3564 1167 3627 vm,
1201 3563 1240 3617 3
1272 3582 1330 3634 Ρ.
1367 3563 1492 3617 334.
1562 3559 1866 3630 Agathem.
1897 3564 2178 3633 Geogrfl
2214 3584 2273 3636 p.
2309 3565 2415 3620 193
2454 3566 2635 3619 Gran.

672 3672 737 3738 1)
774 3673 865 3725 De
902 3671 1204 3724 Cerauniis
1240 3688 1287 3722 s.
1321 3670 1766 3722 Acrocerauniis
1822 3669 1898 3722 cf.
1935 3671 2180 3740 Dionys.
2227 3672 2451 3741 Perieg.
2486 3690 2545 3724 v.
2581 3670 2709 3726 388.

527 3741 681 3798 Plin.
719 3745 793 3797 Η.
830 3744 908 3796 N.
947 3743 1056 3809 IV,
1096 3742 1145 3795 1.
1218 3740 1524 3794 Cambunii
1561 3748 1785 3793 montes
1823 3744 1975 3794 inter
2011 3743 2410 3797 Macedoniam
2451 3749 2508 3797 et
2529 3743 2711 3797 Thes-

533 3814 730 3868 saliam
767 3817 1138 3866 nominantur
1175 3830 1211 3865 a
1243 3811 1411 3864 Livio
1454 3831 1502 3864 e.
1523 3831 1573 3864 c.
1607 3812 1798 3879 XLII,
1836 3814 1921 3867 53.
1958 3815 2178 3882 XLIV,
2213 3818 2267 3871 2.
2326 3817 2534 3870 Graeci
2569 3816 2711 3868 scri-

529 3894 725 3958 ptores
764 3903 988 3938 omnem
1028 3883 1184 3937 huuc
1221 3890 1463 3935 tractum
1494 3881 1728 3954 Olympi
1765 3886 1999 3937 nomine
2037 3886 2541 3957 comprehendunt,
2578 3906 2636 3940 v.
2659 3905 2709 3937 c.

529 3958 808 4011 Herodot.
848 3958 987 4021 vn,
1028 3956 1149 4009 129.
1189 3954 1318 4009 coll.
1357 3957 1405 4022 1,
1441 3955 1533 4009 56.
1606 3954 1767 4007 Idem
1813 3952 1869 4010 τὸ
1911 3955 2276 4012 Μακεδονικόν
2318 3951 2465 4031 οὖρος
2499 3959 2708 4011 dicitur

527 4030 807 4082 Herodot.
856 4029 1004 4093 Vll,
1053 4029 1171 4080 131.
1260 4026 1351 4080 Cf.
1401 4025 1596 4079 Strah.
1646 4027 1799 4096 vn,
1848 4027 1883 4080 8
1926 4048 1983 4100 Ρ.
2019 4030 2155 4095 329,
2201 4040 2261 4084 et
2297 4029 2367 4083 de
2405 4028 2708 4084 altitudine

531 4101 763 4172 Olympi
799 4101 975 4152 Krus·
1013 4100 1045 4152 1
1084 4118 1138 4169 Ρ.
1177 4099 1300 4153 266.

679 4206 748 4275 2)
788 4211 880 4261 De
919 4206 1107 4259 Pindo
1147 4204 1217 4257 cf.
1261 4205 1455 4258 Sti-ah.
1491 4199 1594 4272 lx,
1630 4205 1666 4259 5
1703 4224 1762 4276 Ρ.
1797 4203 1921 4259 434.
1996 4205 2139 4258 Eius
2185 4225 2465 4261 summum
2513 4209 2709 4277 iugum

532 4279 601 4332 ad
642 4281 1089 4352 septentrionem
1108 4277 1357 4330 L‘acmos
1388 4296 1457 4337 π.
1476 4277 1733 4330 Lacmon
1755 4276 1979 4330 dicitur.
2002 4279 2220 4333 Herod.
2241 4281 2348 4347 lx,
2387 4281 2473 4336 93.
2513 4278 2712 4351 Steph.

523 4354 670 4422 Byz.
708 4371 754 4406 s.
791 4371 847 4406 v.
887 4348 1134 4406 casaub.
1175 4348 1248 4402 ad
1285 4347 1477 4401 Sti-al).
1513 4367 1570 4419 Ρ.
1606 4347 1731 4403 316.
