3067 4975
599 367 743 444 110
891 366 951 442 I
961 364 1039 440 V.
1091 373 1155 441 1.
1205 364 1324 438 De
1376 343 1949 477 Sportanoiwm
1996 391 2086 441 re
2120 366 2461 469 publica.

601 577 747 655 qne
806 547 1222 622 manumitti
1281 548 1426 620 nisi
1489 541 1796 644 publico
1848 544 2162 621 consilio
2203 550 2581 647 poterant,
2631 573 2758 622 ve-

601 672 775 724 num
842 644 1007 718 dari
1072 645 1318 719 autem
1379 649 1600 718 extra
1658 645 1953 741 patriae
2002 642 2193 717 fines
2242 671 2336 718 ne
2387 671 2431 717 a
2485 670 2568 717 re
2617 672 2757 743 pn-

604 742 800 820 bliea
884 739 1182 841 quidem
1259 764 1359 814 ex
1431 742 1728 812 vetusta
1802 741 2150 838 pactione
2176 743 2270 838 9).
2400 741 2758 833 Privatis‚

598 864 914 943 quorum
967 835 1271 910 heredia
1322 832 1690 926 colebant,
1736 841 2016 909 certam
2103 836 2422 911 naudam
2455 835 2758 935 frugum

601 945 679 1014 et
726 935 1101 1010 fructuum
1148 956 1570 1006 mensuram
1623 937 2025 1032 quotannis
2054 863 2424 1010 ‹l’erebant
2451 934 2586 1028 ¹⁰),
2637 962 2760 1007 su·-

597 1060 741 1134 pra
787 1057 1007 1130 quam
1059 1033 1266 1128 exigi
1317 1026 1413 1102 ab
1468 1028 1667 1102 heris
1714 1027 1928 1103 nefas
1978 1033 2145 1104 erat
2194 1033 2272 1105 et
2295 1031 2759 1106 exsecratio-

599 1127 821 1203 nibus
872 1127 1235 1201 sancitum
1266 1127 1402 1221 1¹):
1467 1124 1816 1225 quidquid
1879 1129 1904 1201 i
1965 1129 2113 1199 itur
2161 1128 2476 1226 amplius
2526 1126 2757 1201 eolle-

598 1230 894 1326 gissent
953 1222 1098 1298 sibi
1158 1220 1622 1316 retinebant,
1697 1248 1846 1323 quo
1938 1226 2184 1296 aetum
2247 1227 2393 1315 est,
2460 1228 2543 1299 ut
2604 1249 2761 1296 non

597 1326 820 1421 pauci
882 1316 1362 1393 facultatibus
1435 1322 1624 1393 satis
1695 1316 2071 1416 pollerent
2108 1322 2221 1418 ¹2).
2340 1322 2761 1396 Praeterea

598 1420 1012 1493 ministeria
1073 1415 1188 1489 vel
1239 1415 1435 1514 apud
1487 1416 1715 1490 beros
1743 1416 1861 1508 ¹³),
1911 1415 2028 1490 vel
2078 1421 2141 1494 si
2242 1420 2363 1490 uis
2413 1417 2603 1491 alius
2653 1419 2756 1489 ci-

598 1520 713 1590 vis
760 1519 853 1587 iis
906 1540 952 1587 o
1007 1539 1098 1587 us
1161 1511 1598 1604 haberem)
1663 1510 1876 1587 obire
1940 1515 2019 1587 et
2062 1446 2630 1613 pro‘liciscentes
2681 1516 2761 1585 in
2819 1596 2823 1601 p

602 1610 872 1687 bellum
987 1634 1162 1682 eros
1222 1612 1566 1681 comitari
1629 1608 1980 1683 solebant
2006 1613 2134 1703 ¹⁵):
2184 1609 2488 1686 suerunt
2536 1612 2760 1685 etiam

594 1712 928 1785 fortasse
979 1709 1105 1806 qui
1151 1731 1306 1777 non
1356 1709 1816 1803 privatorum
1866 1705 1997 1780 sed
2051 1711 2163 1780 rei
2212 1704 2559 1807 publicae
2590 1705 2761 1780 fuu-

599 1806 740 1879 dos
786 1802 1208 1877 incolerent
1256 1811 1330 1874 et
1375 1799 1699 1901 publicis
1740 1807 2167 1876 ministeriis
2202 1801 2758 1877 adhiberentur.

598 1905 944 2002 Denique
997 1925 1096 1974 ex
1143 1896 1440 1971 Helotis
1488 1902 1618 1999 qui
1667 1905 1913 1973 aetate
1966 1904 2042 1971 et
2090 1898 2372 1975 viribus
2421 1892 2762 1974 valerent:

594 2005 673 2073 iu
721 1995 1490 2071 Lacedaemoniorum
1545 1998 1884 2069 exercitu
1936 1994 2394 2089 militabant,
2444 2022 2756 2070 numero

597 2093 894 2196 quidem
946 2091 1144 2165 haud
1196 2095 1506 2189 exiguo,
1559 2090 1692 2165 sed
1724 2097 1952 2166 armis
1976 2092 2410 2194 plerumque
2438 2099 2762 2167 tantum-

597 2190 821 2265 modo
871 2186 1310 2264 velitaribus
1338 2191 1456 2280 16),
1509 2190 1643 2263 aut
1688 2192 1764 2261 in
1816 2189 2097 2280 classe,
2153 2195 2549 2290 postquam
2605 2216 2759 2262 ma·

595 2291 863 2364 ritimis
928 2312 1224 2386 quoque
1291 2284 1504 2358 bellis
1567 2285 2148 2360 Lacedaemonii
2215 2313 2524 2386 operam
2577 2285 2759 2360 dare

596 2391 1040 2484 coeperant,
1117 2387 1469 2482 tanquam
1549 2390 1822 2455 nautae
1899 2388 2232 2484 sociique
2298 2382 2762 2479 navales¹⁷):

593 2513 694 2655 ΞΥ
699 2481 868 2679 ‘321⁸ss
875 2477 1185 2650 filiai?
1212 2480 2761 2676 ῗῖἒιζῖῗηῖἒὲἒῗῗῖῗθζξ’..ῗῖῗὲιῗιῗἳὲἷζ

596 2676 712 2751 his
762 2701 905 2775 pro
953 2676 1289 2773 praemio
1341 2670 1661 2746 libertas
1709 2677 2046 2774 promitti
2096 2672 2399 2749 solebat
2424 2675 2548 2774 ¹⁸).

738 2880 800 2950 9)
836 2879 1054 2953 Ephor.
1089 2877 1130 2933 l.
1166 2878 1208 2934 l.
1247 2879 1320 2932 of.
1356 2876 1575 2932 Miiller
1607 2898 1665 2952 Ρ.
1699 2879 1790 2936 34.

708 3073 711 3076 Ι
744 2986 835 3055 10)
873 2986 1160 3076 Plutarch.
1208 2986 1457 3057 Lyeurg.
1505 3004 1557 3075 ⁰:
1594 2986 1661 3075 83
1699 2982 1977 3061 ἀποφορὰν
2008 2990 2183 3078 φέρειν
2215 2984 2371 3063 ἀνδρὶ
2402 2986 2505 3062 μὲν
2538 2988 2760 3064 ἑβδομή-

598 3081 751 3117 κοντα
784 3064 985 3134 κριθων
1014 3059 1303 3131 μεὸἶμνους,
1338 3075 1550 3127 ywanus
1582 3057 1638 3110 δε
1675 3058 1896 3121 δώδεκα,
1934 3077 2027 3112 και
2057 3060 2159 3114 τῶν
2178 3058 2353 3136 ὖγρῶν
2380 3063 2601 3134 καρπῶν
2618 3063 2760 3117 ἄνα-

599 3135 766 3205 λόγως
805 3130 860 3186 τὸ
894 3131 1096 3197 πλῆθος.
1139 3129 1212 3185 cf.
1249 3147 1297 3181 e.
1334 3132 1422 3194 24,
1461 3136 1519 3180 et
1553 3128 1768 3181 Miiller
1801 3148 1855 3200 Ρ.
1892 3131 1981 3184 36.

738 3219 833 3285 11)
870 3216 1160 3273 Plutareb.
1192 3220 1400 3272 lustitt.
1422 3217 1637 3271 Lacon.
1673 3234 1769 3269 no.
1791 3219 1881 3271 40.
1909 3224 2026 3271 tom
2047 3220 2121 3273 11.
2146 3240 2204 3292 Ρ.
2232 3220 2354 3277 180.
2388 3218 2476 3276 ed.
2501 3222 2761 3276 Tauobn.

738 3322 840 3390 12)
877 3325 1005 3377 Hoc
1051 3330 1287 3396 apparet
1334 3341 1366 3375 e
1413 3321 1702 3377 Plutarch.
1751 3322 1968 3379 Cleom.
2016 3344 2063 3377 e.
2113 3326 2201 3379 23.
2271 3325 2461 3380 Etiam
2512 3328 2761 3382 Thessa-

595 3399 781 3452 lorum
831 3401 1094 3467 penestas
1138 3393 1452 3447 nonnullos
1495 3392 1816 3467 locupletes
1848 3394 2029 3449 fuisse
2073 3396 2405 3451 Athenaeus
2444 3399 2614 3453 docet
2648 3402 2757 3467 vl,

527 3517 531 3521 .
595 3470 666 3526 85
701 3489 755 3542 Ρ.
790 3468 896 3521 264
933 3487 1006 3519 ex
1041 3464 1456 3518 Arelnemacbo.

738 3555 833 3621 13)
866 3552 1158 3609 Plutarch.
1207 3573 1390 3626 comp.
1447 3554 1693 3623 Lyeurg.
1740 3571 1791 3607 e.
1826 3555 2022 3607 Numa
2071 3573 2121 3608 e.
2156 3557 2220 3609 22
2256 3553 2287 3623 ἦ
2320 3554 2438 3631 περὶ
2467 3554 2521 3613 τὸ
2554 3557 2763 3614 δεῖπνον

596 3626 690 3685 καὶ
721 3627 855 3698 ὄψον
888 3626 1142 3679 διακονία.

741 3716 831 3780 14)
868 3713 1138 3785 Xenopb.
1175 3713 1245 3766 de
1281 3730 1345 3763 re
1380 3709 1542 3781 publ.
1580 3711 1712 3764 Lae.
1751 3729 1799 3763 e.
1838 3712 1890 3778 6,
1925 3712 1981 3765 3.
2016 3715 2259 3766 Aristot.
2297 3713 2472 3769 Polit.
2509 3716 2587 3784 11,
2624 3719 2675 3785 2,
2703 3718 2762 3776 5.

596 3787 891 3844 Plutarch.
929 3791 1141 3841 Institt.
1179 3785 1312 3838 Lae.
1350 3800 1443 3835 no.
1483 3784 1554 3835 10
1587 3801 1642 3854 Ρ.
1681 3784 1805 3836 175.

597 3876 833 4004 manig)
870 3876 1195 4002 Osqggzorref,
1226 3871 1492 3946 ἱρυκτῆρες,
1530 3869 1844 3954 ἄμπίπαρες
1876 3865 2280 3943 (ἀμφισπένιτς.)
2315 3872 2452 3926 vid.
2480 3892 2574 3946 qu.
2600 3872 2755 3929 laud.

667 3970 700 4002 ¹¹
737 3989 838 4103 165
866 3968 969 4091 lgr.
1005 3985 1283 4088 Ilerodot.
1322 4031 1429 4097 lx,
1469 4031 1539 4084 lo
1577 4029 1645 4082 el.
1682 4030 1770 4084 28.

737 4126 828 4193 17)
867 4122 1128 4194 Xenopb.
1163 4119 1318 4173 nell.
1355 4119 1495 4185 VII,
1536 4124 1584 4185 l,
1621 4119 1708 4171 12.
1745 4119 1823 4170 Hi
1859 4116 2269 4171 ὡποωοναῢτω
2302 4117 2437 4173 dieti
2469 4120 2756 4191 videntur,

593 4200 946 4326 ῗῦζὶωὲῧῗμ
994 4193 1274 4248 Athenae.
1312 4192 1427 4259 vl,
1479 4191 1583 4243 1⁰2
1630 4208 1682 4261 Ρ.
1731 4191 1853 4243 271.
1894 4195 2036 4243 extr.
2083 4189 2351 4244 Eustatb.
2389 4192 2463 4244 ad
2496 4192 2662 4247 Iliad.
2695 4213 2754 4264 p.

733 4357 828 4428 18)
867 4353 1134 4425 Thucyd.
1170 4354 1279 4421 IV,
1314 4352 1402 4407 80.
1439 4351 1516 4403 V.
1556 4350 1646 4405 34.
1685 4348 1824 4415 vn,
1861 4349 1950 4404 19.
1990 4349 2233 4405 Diodor.
2269 4352 2407 4418 XII,
2443 4352 2532 4411 67.
