3067 4975
563 327 738 406 III.
810 326 933 404 De
978 283 1204 401 rehu-*l
1237 324 1575 428 publicis
1620 327 1707 402 in
1752 291 2215 411 undenum.
2381 333 2479 408 81

307 504 756 611 quibusdam
828 504 1258 581 civitatibus
1319 532 1568 606 genus
1630 507 2050 607 bominum,
2125 514 2256 612 qui
2324 538 2483 589 non
2531 561 2536 567 ·

301 606 649 706 quidem·
712 608 975 678 rivatis
1046 611 1178 677 'aut
1241 610 1353 678 rei
1414 604 1797 706 publicae,
1864 606 2000 681 sed
2063 606 2208 683 deo
2258 608 2482 686 alicui

301 711 384 776 et
430 633 712 802 templl'»
765 699 1196 775 serviebant
1245 712 1640 804 certasque
1687 709 2098 803 pensiones
2150 713 2228 781 et
2291 733 2336 778 o
2396 732 2476 780 e-

299 825 429 873 ras
490 796 1026 900 praestabant,
1093 804 1529 900 ceteroquin
1595 799 1848 897 liberi,
1917 826 1965 875 a
2026 828 2112 878 re
2172 800 2326 904 pub
2363 809 2479 878 ‘ca

295 899 550 971 tamen
603 902 683 971 et
725 900 872 996 ipsi
923 893 1210 970 exclusi
1237 898 1327 988 ⁸).
2045 924 2052 930 ·

1216 1077 1287 1156 §.
1334 1064 1545 1146 XVI.

494 1196 654 1285 Qui
717 1202 966 1272 autem
1034 1198 1236 1271 cives
1305 1201 1524 1271 erant
1592 1195 1878 1295 optimo
1942 1200 2151 1293 iure,
2219 1195 2295 1273 bi
2354 1202 2472 1276 rei

291 1288 647 1395 publicae
709 1294 1431 1389 administrationem
1493 1290 1934 1368 tractabant
1978 1299 2054 1369 iu
2107 1297 2470 1393 conciliis,

293 1390 888 1489 magistratibu3‚
937 1391 1260 1488 iudiciiS.
1363 1392 1708 1465 Concilia
1758 1399 1973 1465 eraut
2024 1418 2123 1467 ex
2151 1398 2469 1492 optima-

290 1486 505 1564 tibus
556 1485 766 1561 certo
815 1514 1130 1563 numero
1183 1492 1256 1559 in
1309 1493 1753 1587 perpetuum
1806 1490 1939 1560 aut
2000 1497 2277 1563 creatis
2338 1490 2471 1564 aut

296 1583 757 1658 hereditario
818 1589 983 1660 iure
1049 1583 1395 1657 admissis
1426 1589 1508 1677 ¹).
1632 1585 2079 1668 Huiusmodi
2147 1586 2471 1676 coucilia

289 1681 727 1781 plerumque
745 1695 1100 1776 γερουσίας,
1151 1686 1401 1753 rarius
1447 1685 1684 1774 βουλῆς
1730 1686 2027 1757 nomine
2078 1684 2466 1784 appellan-

290 1787 418 1852 tur
445 1779 539 1877 2).
629 1780 819 1854 Nam
881 1787 1081 1874 βουλὴ
1155 1777 1356 1854 solet
1424 1776 1587 1850 sere
1648 1782 1722 1850 in
1785 1805 2110 1854 annuum
2174 1793 2468 1881 tempus

285 1901 445 1948 non
474 1900 573 1948 ex
592 1875 1079 1973 optimatibus
1101 1873 1245 1947 sed·
1266 1895 1365 1948 ex
1391 1878 1760 1948 universis
1777 1875 2062 1950 civibus
2085 1883 2329 1951 creari
2357 1881 2463 1977 ³):

288 1980 370 2046 et
439 1997 631 2072 quae
698 1971 793 2043 ad
854 1970 1225 2069 populare
1288 1975 1710 2069 imperium.
1751 1976 1995 2071 magis
2045 1970 2468 2073 vergebant

284 2095 418 2143 res
465 2066 837 2168 publicae,
891 2067 1032 2141 bae
1058 2092 1594 2169 nonnunquam
1621 2074 1943 2169 utroque
1972 2074 2468 2147 conciliorum

284 2192 616 2266 genere,
685 2172 986 2257 γερουσίᾳ
1047 2171 1139 2240 et
1209 2170 1426 2262 βουλῇ,
1492 2168 1602 2237 uti
1669 2164 2154 2266 solebantfi),
2234 2172 2464 2272 atque

286 2374 363 2430 de
400 2373 554 2448 quib.
588 2370 709 2427 vid.
743 2368 1043 2427 Polemon.
1079 2390 1169 2445 ap.
1205 2368 1419 2426 Athen.
1459 2370 1551 2426 vl
1591 2389 1651 2445 Ρ.
1688 2370 1813 2427 271.
1888 2372 2265 2445 Pelasgorum
2312 2375 2465 2448 apud

281 2446 566 2504 Italiotas.
604 2443 799 2519 steph.
835 2446 982 2516 Byz.
1020 2463 1064 2499 s.
1100 2463 1160 2499 v-
1197 2447 1335 2503 Χίος.
1389 2442 1817 2514 Cillicyriorum
1856 2448 2007 2517 apud
2044 2445 2464 2518 syracusanos.

280 2517 554 2575 Mueller.
591 2519 731 2571 Dor.
767 2517 840 2582 ΙΙ,
877 2537 932 2587 Ρ.
969 2518 1060 2570 62.
1149 2517 1593 2587 Gymnesiorum
1650 2515 1801 2586 apud
1842 2519 2111 2587 Argivos.
2154 2520 2240 2576 Id.
2289 2522 2367 2576 ib.
2448 2557 2465 2576 .

282 2594 393 2735 55}
420 2590 500 2716 cg:
531 2590 599 2643 P.
634 2589 724 2643 IV
773 2584 826 2658 §.
864 2590 926 2656 2,
969 2590 1022 2642 5.
1112 2590 1204 2642 De
1260 2590 1623 2643 Cretensium
1671 2590 1856 2642 servis
1901 2590 2016 2645 vid.
2050 2591 2206 2645 infra
2233 2588 2318 2647 Ῥ.
2352 2541 2463 2662 13,

428 2767 490 2834 8)
527 2768 616 2822 cf.
651 2768 812 2831 fflrt,
858 2763 1129 2833 Boeckb‚
1174 2767 1527 2822 Buttmann
1586 2768 1701 2824 Die
1742 2767 2124 2892 gierodulen.
2174 2767 2463 2840 (Berolin.

280 2841 452 2902 1818)
485 2843 649 2912 impr.
685 2858 742 2910 Ρ.
779 2838 868 2892 51.
906 2838 1176 2892 Mueller.
1210 2840 1355 2892 Dor.
1392 2840 1422 2891 1
1457 2858 1511 2910 Ρ.
1547 2838 1636 2893 43.
1678 2840 1746 2892 25
1787 2876 1803 2893 .

427 2943 492 3013 1)
529 2948 621 2999 Ita
659 2945 1031 2998 ducentorum
1071 2951 1305 2998 senatus
1342 2945 1495 3017 apud
1533 2945 1871 3001 Corinthios
1908 2954 2032 3001 erat
2069 2967 2102 3005 e
2136 2946 2279 3002 solis
2312 2950 2461 3003 Bac-

267 3016 521 3092 claudis.
566 3017 847 3070 Herodot.
873 3019 947 3084 V,
985 3019 1073 3073 92.
1112 3018 1262 3089 apud
1302 3017 1476 3070 Eleos
1511 3020 1831 3084 nonaginta
1864 3026 2163 3074 senatores
2198 3025 2463 3094 perpetui

277 3111 314 3145 e
355 3091 525 3143 certis
562 3096 780 3142 tantum
819 3089 1049 3141 familiis
1090 3098 1147 3141 et
1181 3088 1427 3141 fortasse
1464 3091 1592 3141 iure
1629 3088 1995 3144 hereditario.
2063 3094 2308 3147 Aristot.
2342 3094 2458 3146 Po-

274 3163 369 3218 lit.
417 3162 510 3226 V,
558 3162 620 3228 5,
669 3162 727 3215 8.
780 3161 929 3232 apud
987 3160 1227 3214 Cnidios
1283 3163 1587 3228 sexaginta
1640 3163 1902 3232 perpetui
1959 3180 2032 3215 ex
2088 3163 2459 3235 optimatibus

281 3234 483 3300 creati,
521 3234 617 3304 qui
655 3232 948 3303 ἀμνήμονες
983 3231 1338 3285 dicebantur.
1414 3231 1570 3285 Plut.
1609 3234 1877 3294 Quaestt.
1926 3234 2025 3286 Gr.
2078 3252 2173 3288 no.
2211 3235 2266 3287 4.
2305 3233 2459 3307 apud

275 3304 629 3379 Epidaurios
667 3305 970 3372 collegium
1009 3307 1263 3367 virorum
1304 3311 1529 3356 centum
1570 3312 1628 3356 et
1664 3304 1987 3371 octoginta,
2034 3308 2131 3378 qui
2177 3325 2376 3359 rursus
2422 3324 2457 3359 e

278 3396 393 3431 suo
431 3393 669 3428 numero
708 3375 926 3447 aliquot
963 3373 1200 3448 ἀρτύνους
1232 3374 1529 3438 creabant,
1581 3393 1822 3445 quorum
1877 3393 2027 3428 uuus
2076 3380 2345 3449 quisque,
2391 3383 2459 3430 ut

277 3447 533 3515 videtur,
571 3449 906 3514 magistratu
944 3446 1138 3517 aliquo
1175 3445 1541 3517 fungebatur,
1579 3464 1776 3497 omnes
1815 3454 2003 3499 autem
2043 3451 2334 3502 coniuncti
2352 3451 2456 3502 mi-

276 3521 443 3573 noris
482 3518 772 3571 cuiusdam
811 3525 1045 3570 senatus
1093 3515 1225 3573 loco
1275 3525 1450 3570 erant.
1521 3517 1676 3572 Plut.
1715 3515 1753 3570 l.
1789 3516 1830 3571 l.
1866 3537 1961 3571 no.
2003 3519 2052 3575 1.
2102 3521 2252 3593 apud
2296 3522 2456 3573 Mas·

273 3589 553 3645 silienses·
580 3591 836 3642 sexcenti
876 3607 948 3641 ex
985 3588 1354 3660 optimatibus
1392 3595 1692 3642 senatores
1730 3599 1893 3642 erant
1944 3593 2236 3662 perpetui,
2281 3590 2454 3662 πμοῦ-

265 3681 365 3735 χοι
400 3661 567 3715 dicti.-
608 3679 679 3713 ex
716 3660 804 3713 his
841 3678 1038 3713 rursus
1076 3660 1396 3730 quindecim
1448 3668 1720 3732 tanquam
1768 3663 1958 3714 minor
2004 3662 2232 3743 Quidam
2285 3681 2452 3716 sena·

269 3743 388 3799 tus,
425 3750 739 3804 eorumque
773 3738 890 3785 tres
927 3731 1234 3802 praesides.
1307 3732 1491 3785 Strab.
1532 3732 1622 3783 IV
1631 3770 1653 3798 ,
1700 3733 1731 3786 1
1779 3751 1837 3804 p.
1879 3732 1996 3787 179.
2066 3734 2138 3786 In
2185 3736 2345 3789 univ.
2381 3732 2454 3789 cf.

271 3803 618 3872 naumann,
651 3802 1011 3857 Stnatsrecbt
1047 3803 1148 3856 des
1184 3801 1434 3857 Altertb.
1467 3822 1522 3874 Ρ.
1562 3803 1685 3858 328.
2321 3808 2326 3815 '

415 3908 478 3974 2)
516 3913 762 3981 Γερουσὶα
802 3904 1023 3982 (γερῴα,
1059 3910 1268 3984 γερωΐιε,
1305 3912 1556 3983 γερωχία,
1592 3902 1871 3983 γερωνία).
1942 3911 2122 3965 Arist.
2159 3909 2335 3969 Pom.
2370 3911 2450 3989 Il,

268 3981 327 4052 7,
362 3982 414 4038 3.
449 3983 504 4035 5.
558 3981 827 4034 Mueller.
871 3985 1008 4034 Dor.
1046 3984 1106 4034 11
1143 4001 1200 4053 Ρ.
1236 3983 1326 4036 91.
1384 3984 1699 4037 Tittmann.
1737 4000 1806 4054 p.
1832 3979 1958 4034 419.
2341 4004 2348 4009 ¹
2521 4022 2529 4027 .

410 4084 476 4155 3)
514 4087 669 4141 Hine
701 4083 888 4157 βουλὴν
919 4083 1193 4160 δηρωπκόν
1227 4087 1366 4141 dicit
1400 4090 1580 4141 Arist.
1614 4087 1725 4155 vl,
1760 4087 1814 4152 5,
1853 4080 1941 4142 13.

409 4190 473 4258 4)
509 4192 789 4283 Exempla
845 4192 961 4247 vid.
1009 4212 1101 4266 ap.
1151 4194 1467 4248 Tittmann.
1507 4213 1561 4263 Ρ.
1593 4192 1726 4255 ι481.
1809 4194 1941 4247 Huc
1983 4197 2234 4266 pertinet
2278 4199 2449 4252 etiam

263 4266 445 4332 Argis
476 4264 523 4331 ,ἧ
561 4268 712 4335 βουλη
761 4273 818 4319 et
863 4272 1091 4337 praeter
1136 4264 1286 4319 bane
1331 4267 1381 4320 οδ
1420 4263 1745 4336 ὀγδοήκοντα.
1826 4265 2091 4338 Thucyd.
2127 4269 2221 4336 V,
2266 4268 2354 4322 47.
2390 4276 2450 4323 et

263 4334 515 4396 Athenis
552 4354 782 4411 quoque
814 4344 1050 4394 senatus
1085 4339 1524 4411 Areopagiticus
1563 4343 1621 4390 et
1655 4343 1890 4394 senatus
1926 4341 2386 4412 quingentorum.
2423 4348 2432 4353 ’

1962 4409 2012 4480 6
