<?xml version="1.0" encoding="UTF-8"?>
<!DOCTYPE html PUBLIC "-//W3C//DTD XHTML 1.0 Transitional//EN"
    "http://www.w3.org/TR/xhtml1/DTD/xhtml1-transitional.dtd">
<html xmlns="http://www.w3.org/1999/xhtml" xml:lang="en" lang="en">
 <head>
  <title>
</title>
<meta http-equiv="Content-Type" content="text/html;charset=utf-8" />
  <meta name='ocr-system' content='tesseract 3.04.00' />
  <meta name='ocr-capabilities' content='ocr_page ocr_carea ocr_par ocr_line ocrx_word'/>
</head>
<body>
  <div class='ocr_page' id='page_1' title='image "antiquitatesiur00schgoog_0010.png"; bbox 0 0 3067 4975; ppageno 0'>
   <div class='ocr_carea' id='block_1_1' title="bbox 506 320 1834 436">
    <p class='ocr_par' dir='ltr' id='par_1_1' title="bbox 506 320 1834 436">
     <span class='ocr_line' id='line_1_1' title="bbox 506 320 1834 436; baseline 0.005 -30"><span class='ocrx_word' id='word_1_1' title='bbox 506 353 590 406; x_wconf 75' lang='lat' dir='ltr'><strong>vl</strong></span> <span class='ocrx_word' id='word_1_2' title='bbox 716 365 719 370; x_wconf 90' lang='lat'>·</span> <span class='ocrx_word' id='word_1_3' title='bbox 1378 320 1834 436; x_wconf 28' lang='lat' dir='ltr'><strong>Praesumit..</strong></span> 
     </span>
    </p>
   </div>
   <div class='ocr_carea' id='block_1_2' title="bbox 504 516 2771 2069">
    <p class='ocr_par' dir='ltr' id='par_1_2' title="bbox 504 516 2771 2069">
     <span class='ocr_line' id='line_1_2' title="bbox 515 516 2692 625; baseline 0.002 -31"><span class='ocrx_word' id='word_1_4' title='bbox 515 541 703 618; x_wconf 83' lang='lat' dir='ltr'><strong>opus</strong></span> <span class='ocrx_word' id='word_1_5' title='bbox 769 540 871 594; x_wconf 78' lang='lat' dir='ltr'><strong>ex</strong></span> <span class='ocrx_word' id='word_1_6' title='bbox 936 516 1269 597; x_wconf 80' lang='lat' dir='ltr'><strong>disiectis</strong></span> <span class='ocrx_word' id='word_1_7' title='bbox 1335 525 1618 622; x_wconf 85' lang='lat' dir='ltr'><strong>passim</strong></span> <span class='ocrx_word' id='word_1_8' title='bbox 1670 537 1748 601; x_wconf 82' lang='lat' dir='ltr'><strong>et</strong></span> <span class='ocrx_word' id='word_1_9' title='bbox 1793 524 2083 604; x_wconf 83' lang='lat' dir='ltr'><strong>mutilis</strong></span> <span class='ocrx_word' id='word_1_10' title='bbox 2131 524 2469 624; x_wconf 83' lang='lat' dir='ltr'><strong>reliquiis</strong></span> <span class='ocrx_word' id='word_1_11' title='bbox 2519 532 2692 625; x_wconf 83' lang='lat' dir='ltr'><strong>ope-</strong></span> 
     </span>
     <span class='ocr_line' id='line_1_3' title="bbox 512 621 2695 723; baseline 0.002 -32"><span class='ocrx_word' id='word_1_12' title='bbox 512 640 686 691; x_wconf 81' lang='lat' dir='ltr'><strong>rose</strong></span> <span class='ocrx_word' id='word_1_13' title='bbox 733 630 1185 713; x_wconf 84' lang='lat' dir='ltr'><strong>congestum,</strong></span> <span class='ocrx_word' id='word_1_14' title='bbox 1233 641 1459 720; x_wconf 90' lang='lat' dir='ltr'><strong>quam</strong></span> <span class='ocrx_word' id='word_1_15' title='bbox 1510 621 1710 723; x_wconf 89' lang='lat' dir='ltr'><strong>quod</strong></span> <span class='ocrx_word' id='word_1_16' title='bbox 1759 645 1861 697; x_wconf 82' lang='lat' dir='ltr'><strong>ex</strong></span> <span class='ocrx_word' id='word_1_17' title='bbox 1906 621 2330 702; x_wconf 78' lang='lat' dir='ltr'><strong>abundanti</strong></span> <span class='ocrx_word' id='word_1_18' title='bbox 2379 626 2695 697; x_wconf 87' lang='lat' dir='ltr'><strong>materia</strong></span> 
     </span>
     <span class='ocr_line' id='line_1_4' title="bbox 513 715 2696 820; baseline 0.002 -32"><span class='ocrx_word' id='word_1_19' title='bbox 513 726 938 789; x_wconf 88' lang='lat' dir='ltr'><strong>construere</strong></span> <span class='ocrx_word' id='word_1_20' title='bbox 983 715 1219 793; x_wconf 88' lang='lat' dir='ltr'><strong>licuit.</strong></span> <span class='ocrx_word' id='word_1_21' title='bbox 1313 722 1406 793; x_wconf 87' lang='lat' dir='ltr'><strong>In</strong></span> <span class='ocrx_word' id='word_1_22' title='bbox 1452 719 1625 810; x_wconf 89' lang='lat' dir='ltr'><strong>hoc,</strong></span> <span class='ocrx_word' id='word_1_23' title='bbox 1691 719 1880 820; x_wconf 89' lang='lat' dir='ltr'><strong>quid</strong></span> <span class='ocrx_word' id='word_1_24' title='bbox 1942 740 2062 796; x_wconf 84' lang='lat' dir='ltr'><strong>ars</strong></span> <span class='ocrx_word' id='word_1_25' title='bbox 2124 733 2203 794; x_wconf 88' lang='lat' dir='ltr'><strong>et</strong></span> <span class='ocrx_word' id='word_1_26' title='bbox 2256 723 2696 815; x_wconf 73' lang='lat' dir='ltr'><strong>symmetria</strong></span> 
     </span>
     <span class='ocr_line' id='line_1_5' title="bbox 511 813 2695 913; baseline 0.004 -31"><span class='ocrx_word' id='word_1_27' title='bbox 511 822 813 907; x_wconf 86' lang='lat' dir='ltr'><strong>poscat,</strong></span> <span class='ocrx_word' id='word_1_28' title='bbox 875 814 959 885; x_wconf 90' lang='lat' dir='ltr'><strong>in</strong></span> <span class='ocrx_word' id='word_1_29' title='bbox 1016 814 1147 886; x_wconf 92' lang='lat' dir='ltr'><strong>illo</strong></span> <span class='ocrx_word' id='word_1_30' title='bbox 1163 865 1186 901; x_wconf 94' lang='lat'><strong>,</strong></span> <span class='ocrx_word' id='word_1_31' title='bbox 1248 813 1432 913; x_wconf 89' lang='lat' dir='ltr'><strong>quid</strong></span> <span class='ocrx_word' id='word_1_32' title='bbox 1483 818 1800 890; x_wconf 90' lang='lat' dir='ltr'><strong>materia</strong></span> <span class='ocrx_word' id='word_1_33' title='bbox 1846 817 2052 893; x_wconf 83' lang='lat' dir='ltr'><strong>sinat</strong></span> <span class='ocrx_word' id='word_1_34' title='bbox 2096 815 2508 894; x_wconf 88' lang='lat' dir='ltr'><strong>videndum</strong></span> <span class='ocrx_word' id='word_1_35' title='bbox 2559 829 2695 892; x_wconf 85' lang='lat' dir='ltr'><strong>est.</strong></span> 
     </span>
     <span class='ocr_line' id='line_1_6' title="bbox 509 909 2698 1011; baseline 0.001 -28"><span class='ocrx_word' id='word_1_36' title='bbox 509 910 648 983; x_wconf 81' lang='lat' dir='ltr'><strong>Est</strong></span> <span class='ocrx_word' id='word_1_37' title='bbox 702 928 927 1003; x_wconf 85' lang='lat' dir='ltr'><strong>porro</strong></span> <span class='ocrx_word' id='word_1_38' title='bbox 992 909 1176 982; x_wconf 91' lang='lat' dir='ltr'><strong>haec</strong></span> <span class='ocrx_word' id='word_1_39' title='bbox 1234 912 1772 1011; x_wconf 78' lang='lat' dir='ltr'><strong>antiquitatum</strong></span> <span class='ocrx_word' id='word_1_40' title='bbox 1819 917 2266 991; x_wconf 83' lang='lat' dir='ltr'><strong>Graecarum</strong></span> <span class='ocrx_word' id='word_1_41' title='bbox 2329 912 2698 1002; x_wconf 89' lang='lat' dir='ltr'><strong>condicio,</strong></span> 
     </span>
     <span class='ocr_line' id='line_1_7' title="bbox 509 1003 2697 1106; baseline 0.004 -29"><span class='ocrx_word' id='word_1_42' title='bbox 509 1016 599 1078; x_wconf 92' lang='lat' dir='ltr'><strong>ut</strong></span> <span class='ocrx_word' id='word_1_43' title='bbox 645 1003 744 1078; x_wconf 89' lang='lat' dir='ltr'><strong>de</strong></span> <span class='ocrx_word' id='word_1_44' title='bbox 789 1004 1242 1104; x_wconf 89' lang='lat' dir='ltr'><strong>quibusdam</strong></span> <span class='ocrx_word' id='word_1_45' title='bbox 1290 1009 1508 1106; x_wconf 79' lang='lat' dir='ltr'><strong>rebus</strong></span> <span class='ocrx_word' id='word_1_46' title='bbox 1558 1031 1713 1084; x_wconf 86' lang='lat' dir='ltr'><strong>non</strong></span> <span class='ocrx_word' id='word_1_47' title='bbox 1764 1034 1917 1087; x_wconf 88' lang='lat' dir='ltr'><strong>uno</strong></span> <span class='ocrx_word' id='word_1_48' title='bbox 1965 1011 2128 1085; x_wconf 90' lang='lat' dir='ltr'><strong>loco</strong></span> <span class='ocrx_word' id='word_1_49' title='bbox 2176 1011 2320 1105; x_wconf 83' lang='lat' dir='ltr'><strong>agi,</strong></span> <span class='ocrx_word' id='word_1_50' title='bbox 2366 1010 2504 1087; x_wconf 81' lang='lat' dir='ltr'><strong>sed</strong></span> <span class='ocrx_word' id='word_1_51' title='bbox 2533 1032 2697 1085; x_wconf 88' lang='lat' dir='ltr'><strong>eas-</strong></span> 
     </span>
     <span class='ocr_line' id='line_1_8' title="bbox 514 1100 2695 1200; baseline 0.003 -26"><span class='ocrx_word' id='word_1_52' title='bbox 514 1100 689 1176; x_wconf 89' lang='lat' dir='ltr'><strong>dem</strong></span> <span class='ocrx_word' id='word_1_53' title='bbox 749 1104 1047 1200; x_wconf 86' lang='lat' dir='ltr'><strong>saepius</strong></span> <span class='ocrx_word' id='word_1_54' title='bbox 1109 1109 1678 1179; x_wconf 86' lang='lat' dir='ltr'><strong>commemorari</strong></span> <span class='ocrx_word' id='word_1_55' title='bbox 1740 1131 2037 1183; x_wconf 65' lang='lat' dir='ltr'><strong>necesse</strong></span> <span class='ocrx_word' id='word_1_56' title='bbox 2082 1110 2217 1198; x_wconf 90' lang='lat' dir='ltr'><strong>sit,</strong></span> <span class='ocrx_word' id='word_1_57' title='bbox 2329 1132 2505 1182; x_wconf 91' lang='lat' dir='ltr'><strong>uum</strong></span> <span class='ocrx_word' id='word_1_58' title='bbox 2568 1131 2695 1180; x_wconf 86' lang='lat' dir='ltr'><strong>ne·-</strong></span> 
     </span>
     <span class='ocr_line' id='line_1_9' title="bbox 512 1202 2694 1295; baseline 0.001 -22"><span class='ocrx_word' id='word_1_59' title='bbox 512 1219 664 1274; x_wconf 82' lang='lat' dir='ltr'><strong>xus</strong></span> <span class='ocrx_word' id='word_1_60' title='bbox 736 1212 872 1272; x_wconf 90' lang='lat' dir='ltr'><strong>aut</strong></span> <span class='ocrx_word' id='word_1_61' title='bbox 900 1202 905 1206; x_wconf 79' lang='grc'><strong><em>’</em></strong></span> <span class='ocrx_word' id='word_1_62' title='bbox 936 1202 1494 1295; x_wconf 80' lang='lat' dir='ltr'><strong>perspicuitatis</strong></span> <span class='ocrx_word' id='word_1_63' title='bbox 1569 1206 1766 1278; x_wconf 89' lang='lat' dir='ltr'><strong>ratio</strong></span> <span class='ocrx_word' id='word_1_64' title='bbox 1836 1204 2112 1278; x_wconf 86' lang='lat' dir='ltr'><strong>iubeat.</strong></span> <span class='ocrx_word' id='word_1_65' title='bbox 2310 1203 2694 1280; x_wconf 79' lang='lat' dir='ltr'><strong>uiusmodi</strong></span> 
     </span>
     <span class='ocr_line' id='line_1_10' title="bbox 507 1295 2694 1396; baseline 0.003 -29"><span class='ocrx_word' id='word_1_66' title='bbox 507 1295 738 1389; x_wconf 87' lang='lat' dir='ltr'><strong>igitur</strong></span> <span class='ocrx_word' id='word_1_67' title='bbox 784 1296 1267 1392; x_wconf 77' lang='lat' dir='ltr'><strong>repetitiones</strong></span> <span class='ocrx_word' id='word_1_68' title='bbox 1317 1322 1539 1373; x_wconf 87' lang='lat' dir='ltr'><strong>nemo</strong></span> <span class='ocrx_word' id='word_1_69' title='bbox 1575 1300 2081 1396; x_wconf 73' lang='lat' dir='ltr'><strong>reprehendet,</strong></span> <span class='ocrx_word' id='word_1_70' title='bbox 2129 1300 2264 1376; x_wconf 89' lang='lat' dir='ltr'><strong>sed</strong></span> <span class='ocrx_word' id='word_1_71' title='bbox 2295 1302 2435 1374; x_wconf 90' lang='lat' dir='ltr'><strong>hoc</strong></span> <span class='ocrx_word' id='word_1_72' title='bbox 2458 1322 2694 1374; x_wconf 87' lang='lat' dir='ltr'><strong>unum</strong></span> 
     </span>
     <span class='ocr_line' id='line_1_11' title="bbox 512 1391 2692 1496; baseline 0 -28"><span class='ocrx_word' id='word_1_73' title='bbox 512 1391 831 1481; x_wconf 73' lang='lat' dir='ltr'><strong>videbit,</strong></span> <span class='ocrx_word' id='word_1_74' title='bbox 882 1391 1082 1466; x_wconf 82' lang='lat' dir='ltr'><strong>sitne</strong></span> <span class='ocrx_word' id='word_1_75' title='bbox 1130 1393 1327 1491; x_wconf 89' lang='lat' dir='ltr'><strong>quod</strong></span> <span class='ocrx_word' id='word_1_76' title='bbox 1376 1416 1670 1496; x_wconf 89' lang='lat' dir='ltr'><strong>quoque</strong></span> <span class='ocrx_word' id='word_1_77' title='bbox 1717 1399 1881 1470; x_wconf 91' lang='lat' dir='ltr'><strong>loco</strong></span> <span class='ocrx_word' id='word_1_78' title='bbox 1939 1399 2277 1492; x_wconf 88' lang='lat' dir='ltr'><strong>positum</strong></span> <span class='ocrx_word' id='word_1_79' title='bbox 2340 1411 2455 1473; x_wconf 87' lang='lat' dir='ltr'><strong>est</strong></span> <span class='ocrx_word' id='word_1_80' title='bbox 2515 1410 2692 1493; x_wconf 82' lang='lat' dir='ltr'><strong>apte</strong></span> 
     </span>
     <span class='ocr_line' id='line_1_12' title="bbox 510 1490 2687 1591; baseline -0 -26"><span class='ocrx_word' id='word_1_81' title='bbox 510 1502 588 1565; x_wconf 84' lang='lat' dir='ltr'><strong>et</strong></span> <span class='ocrx_word' id='word_1_82' title='bbox 635 1490 1166 1565; x_wconf 88' lang='lat' dir='ltr'><strong>convenienter</strong></span> <span class='ocrx_word' id='word_1_83' title='bbox 1214 1493 1570 1587; x_wconf 88' lang='lat' dir='ltr'><strong>positum.</strong></span> <span class='ocrx_word' id='word_1_84' title='bbox 1646 1496 1992 1591; x_wconf 85' lang='lat' dir='ltr'><strong>Denique</strong></span> <span class='ocrx_word' id='word_1_85' title='bbox 2017 1495 2101 1568; x_wconf 91' lang='lat' dir='ltr'><strong>in</strong></span> <span class='ocrx_word' id='word_1_86' title='bbox 2131 1516 2473 1569; x_wconf 78' lang='lat' dir='ltr'><strong>sermone</strong></span> <span class='ocrx_word' id='word_1_87' title='bbox 2497 1493 2687 1567; x_wconf 88' lang='lat' dir='ltr'><strong>nulli</strong></span> 
     </span>
     <span class='ocr_line' id='line_1_13' title="bbox 509 1585 2771 1687; baseline 0.002 -26"><span class='ocrx_word' id='word_1_88' title='bbox 509 1588 746 1681; x_wconf 87' lang='lat' dir='ltr'><strong>magis</strong></span> <span class='ocrx_word' id='word_1_89' title='bbox 810 1586 920 1659; x_wconf 85' lang='lat' dir='ltr'><strong>rei</strong></span> <span class='ocrx_word' id='word_1_90' title='bbox 982 1607 1209 1686; x_wconf 89' lang='lat' dir='ltr'><strong>quam</strong></span> <span class='ocrx_word' id='word_1_91' title='bbox 1269 1585 1622 1661; x_wconf 83' lang='lat' dir='ltr'><strong>facilitati</strong></span> <span class='ocrx_word' id='word_1_92' title='bbox 1680 1603 1757 1664; x_wconf 84' lang='lat' dir='ltr'><strong>et</strong></span> <span class='ocrx_word' id='word_1_93' title='bbox 1816 1592 2336 1687; x_wconf 80' lang='lat' dir='ltr'><strong>perspicuitati</strong></span> <span class='ocrx_word' id='word_1_94' title='bbox 2399 1590 2687 1665; x_wconf 82' lang='lat' dir='ltr'><strong>studui:</strong></span> <span class='ocrx_word' id='word_1_95' title='bbox 2765 1610 2771 1682; x_wconf 83' lang='grc' dir='ltr'><strong><em>ζ</em></strong></span> 
     </span>
     <span class='ocr_line' id='line_1_14' title="bbox 504 1684 2691 1776; baseline 0.001 -19"><span class='ocrx_word' id='word_1_96' title='bbox 504 1699 946 1758; x_wconf 80' lang='lat' dir='ltr'><strong>ornamenta</strong></span> <span class='ocrx_word' id='word_1_97' title='bbox 996 1695 1071 1756; x_wconf 91' lang='lat' dir='ltr'><strong>et</strong></span> <span class='ocrx_word' id='word_1_98' title='bbox 1097 1684 1454 1776; x_wconf 25' lang='lat' dir='ltr'><strong>&#39;flosculos</strong></span> <span class='ocrx_word' id='word_1_99' title='bbox 1506 1688 1869 1762; x_wconf 89' lang='lat' dir='ltr'><strong>orationis</strong></span> <span class='ocrx_word' id='word_1_100' title='bbox 1920 1687 2095 1760; x_wconf 88' lang='lat' dir='ltr'><strong>libri</strong></span> <span class='ocrx_word' id='word_1_101' title='bbox 2133 1687 2528 1761; x_wconf 86' lang='lat' dir='ltr'><strong>consilium</strong></span> <span class='ocrx_word' id='word_1_102' title='bbox 2560 1706 2691 1760; x_wconf 85' lang='lat' dir='ltr'><strong>ex-</strong></span> 
     </span>
     <span class='ocr_line' id='line_1_15' title="bbox 507 1779 2691 1884; baseline 0 -28"><span class='ocrx_word' id='word_1_103' title='bbox 507 1780 877 1856; x_wconf 81' lang='lat' dir='ltr'><strong>cludebat.</strong></span> <span class='ocrx_word' id='word_1_104' title='bbox 973 1779 1250 1855; x_wconf 87' lang='lat' dir='ltr'><strong>Latine</strong></span> <span class='ocrx_word' id='word_1_105' title='bbox 1298 1797 1551 1855; x_wconf 88' lang='lat' dir='ltr'><strong>autem</strong></span> <span class='ocrx_word' id='word_1_106' title='bbox 1598 1784 1865 1884; x_wconf 86' lang='lat' dir='ltr'><strong>scripsi</strong></span> <span class='ocrx_word' id='word_1_107' title='bbox 1913 1786 2094 1884; x_wconf 90' lang='lat' dir='ltr'><strong>quia</strong></span> <span class='ocrx_word' id='word_1_108' title='bbox 2142 1785 2370 1858; x_wconf 89' lang='lat' dir='ltr'><strong>etiam</strong></span> <span class='ocrx_word' id='word_1_109' title='bbox 2422 1784 2518 1856; x_wconf 89' lang='lat' dir='ltr'><strong>ab</strong></span> <span class='ocrx_word' id='word_1_110' title='bbox 2557 1805 2691 1858; x_wconf 78' lang='lat' dir='ltr'><strong>ex-</strong></span> 
     </span>
     <span class='ocr_line' id='line_1_16' title="bbox 510 1876 2691 1979; baseline 0 -27"><span class='ocrx_word' id='word_1_111' title='bbox 510 1880 694 1953; x_wconf 86' lang='lat' dir='ltr'><strong>teris</strong></span> <span class='ocrx_word' id='word_1_112' title='bbox 744 1880 926 1950; x_wconf 89' lang='lat' dir='ltr'><strong>haec</strong></span> <span class='ocrx_word' id='word_1_113' title='bbox 975 1879 1119 1970; x_wconf 90' lang='lat' dir='ltr'><strong>legi</strong></span> <span class='ocrx_word' id='word_1_114' title='bbox 1168 1878 1583 1976; x_wconf 86' lang='lat' dir='ltr'><strong>cupiebam.</strong></span> <span class='ocrx_word' id='word_1_115' title='bbox 1663 1883 2005 1956; x_wconf 82' lang='lat' dir='ltr'><strong>Externa</strong></span> <span class='ocrx_word' id='word_1_116' title='bbox 2050 1876 2227 1954; x_wconf 87' lang='lat' dir='ltr'><strong>libri</strong></span> <span class='ocrx_word' id='word_1_117' title='bbox 2276 1883 2556 1979; x_wconf 89' lang='lat' dir='ltr'><strong>species</strong></span> <span class='ocrx_word' id='word_1_118' title='bbox 2607 1891 2691 1952; x_wconf 93' lang='lat' dir='ltr'><strong>ut</strong></span> 
     </span>
     <span class='ocr_line' id='line_1_17' title="bbox 506 1976 2691 2069; baseline -0 -20"><span class='ocrx_word' id='word_1_119' title='bbox 506 1976 915 2049; x_wconf 79' lang='lat' dir='ltr'><strong>formarum</strong></span> <span class='ocrx_word' id='word_1_120' title='bbox 966 1977 1336 2069; x_wconf 84' lang='lat' dir='ltr'><strong>elegantia</strong></span> <span class='ocrx_word' id='word_1_121' title='bbox 1384 1989 1459 2049; x_wconf 91' lang='lat' dir='ltr'><strong>et</strong></span> <span class='ocrx_word' id='word_1_122' title='bbox 1509 1977 1810 2051; x_wconf 86' lang='lat' dir='ltr'><strong>chartae</strong></span> <span class='ocrx_word' id='word_1_123' title='bbox 1843 1978 2184 2051; x_wconf 86' lang='lat' dir='ltr'><strong>bonitate</strong></span> <span class='ocrx_word' id='word_1_124' title='bbox 2213 1977 2691 2052; x_wconf 86' lang='lat' dir='ltr'><strong>commenda·-</strong></span> 
     </span>
    </p>
   </div>
   <div class='ocr_carea' id='block_1_3' title="bbox 378 2072 2689 2172">
    <p class='ocr_par' dir='ltr' id='par_1_3' title="bbox 378 2072 2689 2172">
     <span class='ocr_line' id='line_1_18' title="bbox 378 2072 2689 2172; baseline 0 -26"><span class='ocrx_word' id='word_1_125' title='bbox 378 2081 389 2096; x_wconf 72' lang='grc'><strong>“</strong></span> <span class='ocrx_word' id='word_1_126' title='bbox 502 2072 680 2147; x_wconf 88' lang='lat' dir='ltr'><strong>bilis</strong></span> <span class='ocrx_word' id='word_1_127' title='bbox 740 2073 934 2146; x_wconf 86' lang='lat' dir='ltr'><strong>foret</strong></span> <span class='ocrx_word' id='word_1_128' title='bbox 994 2093 1043 2144; x_wconf 90' lang='lat' dir='ltr'><strong>a</strong></span> <span class='ocrx_word' id='word_1_129' title='bbox 1104 2072 1520 2172; x_wconf 83' lang='lat' dir='ltr'><strong>bibliopola</strong></span> <span class='ocrx_word' id='word_1_130' title='bbox 1583 2075 1967 2172; x_wconf 88' lang='lat' dir='ltr'><strong>provisum</strong></span> <span class='ocrx_word' id='word_1_131' title='bbox 2037 2088 2184 2163; x_wconf 68' lang='lat' dir='ltr'><strong>est,</strong></span> <span class='ocrx_word' id='word_1_132' title='bbox 2258 2095 2346 2147; x_wconf 92' lang='lat' dir='ltr'><strong>ac</strong></span> <span class='ocrx_word' id='word_1_133' title='bbox 2420 2076 2689 2150; x_wconf 88' lang='lat' dir='ltr'><strong>vellem</strong></span> 
     </span>
    </p>
   </div>
   <div class='ocr_carea' id='block_1_4' title="bbox 430 2170 2762 4383">
    <p class='ocr_par' dir='ltr' id='par_1_4' title="bbox 430 2170 2762 4383">
     <span class='ocr_line' id='line_1_19' title="bbox 504 2170 2690 2270; baseline -0.001 -25"><span class='ocrx_word' id='word_1_134' title='bbox 504 2190 952 2266; x_wconf 82' lang='lat' dir='ltr'><strong>magnopere</strong></span> <span class='ocrx_word' id='word_1_135' title='bbox 1010 2170 1241 2243; x_wconf 88' lang='lat' dir='ltr'><strong>etiam</strong></span> <span class='ocrx_word' id='word_1_136' title='bbox 1306 2171 1599 2270; x_wconf 89' lang='lat' dir='ltr'><strong>reliqua</strong></span> <span class='ocrx_word' id='word_1_137' title='bbox 1658 2172 1917 2246; x_wconf 88' lang='lat' dir='ltr'><strong>omnia</strong></span> <span class='ocrx_word' id='word_1_138' title='bbox 1993 2195 2162 2244; x_wconf 90' lang='lat' dir='ltr'><strong>cum</strong></span> <span class='ocrx_word' id='word_1_139' title='bbox 2240 2171 2379 2243; x_wconf 89' lang='lat' dir='ltr'><strong>hac</strong></span> <span class='ocrx_word' id='word_1_140' title='bbox 2441 2172 2690 2269; x_wconf 90' lang='lat' dir='ltr'><strong>specie</strong></span> 
     </span>
     <span class='ocr_line' id='line_1_20' title="bbox 506 2266 2691 2383; baseline -0 -42"><span class='ocrx_word' id='word_1_141' title='bbox 506 2266 973 2341; x_wconf 86' lang='lat' dir='ltr'><strong>concordare.</strong></span> <span class='ocrx_word' id='word_1_142' title='bbox 1084 2267 1238 2341; x_wconf 86' lang='lat' dir='ltr'><strong>Sed</strong></span> <span class='ocrx_word' id='word_1_143' title='bbox 1294 2268 1907 2383; x_wconf 83' lang='lat' dir='ltr'><strong>perincommode</strong></span> <span class='ocrx_word' id='word_1_144' title='bbox 1968 2268 2280 2357; x_wconf 88' lang='lat' dir='ltr'><strong>accidit,</strong></span> <span class='ocrx_word' id='word_1_145' title='bbox 2357 2279 2445 2341; x_wconf 91' lang='lat' dir='ltr'><strong>ut</strong></span> <span class='ocrx_word' id='word_1_146' title='bbox 2503 2288 2691 2342; x_wconf 75' lang='lat' dir='ltr'><strong>non-⁴</strong></span> 
     </span>
     <span class='ocr_line' id='line_1_21' title="bbox 505 2364 2690 2477; baseline 0 -39"><span class='ocrx_word' id='word_1_147' title='bbox 505 2365 735 2438; x_wconf 89' lang='lat' dir='ltr'><strong>nullis</strong></span> <span class='ocrx_word' id='word_1_148' title='bbox 785 2364 867 2435; x_wconf 90' lang='lat' dir='ltr'><strong>in</strong></span> <span class='ocrx_word' id='word_1_149' title='bbox 916 2364 1231 2477; x_wconf 89' lang='lat' dir='ltr'><strong>plagulis</strong></span> <span class='ocrx_word' id='word_1_150' title='bbox 1282 2367 1696 2438; x_wconf 80' lang='lat' dir='ltr'><strong>litterarum</strong></span> <span class='ocrx_word' id='word_1_151' title='bbox 1726 2364 2012 2440; x_wconf 86' lang='lat' dir='ltr'><strong>formae</strong></span> <span class='ocrx_word' id='word_1_152' title='bbox 2036 2383 2191 2438; x_wconf 86' lang='lat' dir='ltr'><strong>non</strong></span> <span class='ocrx_word' id='word_1_153' title='bbox 2222 2366 2406 2440; x_wconf 88' lang='lat' dir='ltr'><strong>satis</strong></span> <span class='ocrx_word' id='word_1_154' title='bbox 2434 2387 2690 2439; x_wconf 84' lang='lat' dir='ltr'><strong>omnes</strong></span> 
     </span>
     <span class='ocr_line' id='line_1_22' title="bbox 558 2460 2692 2560; baseline 0 -26"><span class='ocrx_word' id='word_1_155' title='bbox 558 2463 730 2536; x_wconf 89' lang='lat' dir='ltr'><strong>lane</strong></span> <span class='ocrx_word' id='word_1_156' title='bbox 753 2461 828 2535; x_wconf 75' lang='lat' dir='ltr'><strong>et</strong></span> <span class='ocrx_word' id='word_1_157' title='bbox 862 2460 1214 2536; x_wconf 80' lang='lat' dir='ltr'><strong>distincte</strong></span> <span class='ocrx_word' id='word_1_158' title='bbox 1239 2462 1447 2560; x_wconf 87' lang='lat' dir='ltr'><strong>prelo</strong></span> <span class='ocrx_word' id='word_1_159' title='bbox 1487 2463 2107 2559; x_wconf 86' lang='lat' dir='ltr'><strong>exprimerentur,</strong></span> <span class='ocrx_word' id='word_1_160' title='bbox 2151 2471 2224 2536; x_wconf 85' lang='lat' dir='ltr'><strong>et</strong></span> <span class='ocrx_word' id='word_1_161' title='bbox 2251 2463 2445 2538; x_wconf 89' lang='lat' dir='ltr'><strong>vitia</strong></span> <span class='ocrx_word' id='word_1_162' title='bbox 2472 2483 2692 2558; x_wconf 86' lang='lat' dir='ltr'><strong>quae·</strong></span> 
     </span>
     <span class='ocr_line' id='line_1_23' title="bbox 504 2485 2690 2656; baseline -0 -23"><span class='ocrx_word' id='word_1_163' title='bbox 504 2485 681 2633; x_wconf 56' lang='lat' dir='ltr'><strong>gam</strong></span> <span class='ocrx_word' id='word_1_164' title='bbox 701 2560 877 2634; x_wconf 89' lang='lat' dir='ltr'><strong>vela</strong></span> <span class='ocrx_word' id='word_1_165' title='bbox 890 2561 1281 2656; x_wconf 85' lang='lat' dir='ltr'><strong>typotheta</strong></span> <span class='ocrx_word' id='word_1_166' title='bbox 1291 2561 1407 2636; x_wconf 90' lang='lat' dir='ltr'><strong>vel</strong></span> <span class='ocrx_word' id='word_1_167' title='bbox 1426 2560 1523 2633; x_wconf 90' lang='lat' dir='ltr'><strong>ab</strong></span> <span class='ocrx_word' id='word_1_168' title='bbox 1545 2561 1666 2648; x_wconf 90' lang='lat' dir='ltr'><strong>iis,</strong></span> <span class='ocrx_word' id='word_1_169' title='bbox 1736 2583 2000 2635; x_wconf 87' lang='lat' dir='ltr'><strong>uorum</strong></span> <span class='ocrx_word' id='word_1_170' title='bbox 2012 2560 2359 2634; x_wconf 87' lang='lat' dir='ltr'><strong>manibus</strong></span> <span class='ocrx_word' id='word_1_171' title='bbox 2374 2557 2690 2634; x_wconf 87' lang='lat' dir='ltr'><strong>schedae</strong></span> 
     </span>
     <span class='ocr_line' id='line_1_24' title="bbox 506 2655 2688 2753; baseline -0.002 -20"><span class='ocrx_word' id='word_1_172' title='bbox 506 2657 923 2753; x_wconf 86' lang='lat' dir='ltr'><strong>descriptae</strong></span> <span class='ocrx_word' id='word_1_173' title='bbox 964 2670 1201 2748; x_wconf 86' lang='lat' dir='ltr'><strong>erant,</strong></span> <span class='ocrx_word' id='word_1_174' title='bbox 1247 2655 1614 2732; x_wconf 88' lang='lat' dir='ltr'><strong>studiosis</strong></span> <span class='ocrx_word' id='word_1_175' title='bbox 1639 2677 1686 2727; x_wconf 90' lang='lat' dir='ltr'><strong>a</strong></span> <span class='ocrx_word' id='word_1_176' title='bbox 1744 2657 2259 2745; x_wconf 89' lang='lat' dir='ltr'><strong>olescentibus‚</strong></span> <span class='ocrx_word' id='word_1_177' title='bbox 2307 2657 2427 2732; x_wconf 82' lang='lat' dir='ltr'><strong>vel</strong></span> <span class='ocrx_word' id='word_1_178' title='bbox 2459 2659 2688 2730; x_wconf 89' lang='lat' dir='ltr'><strong>etiam</strong></span> 
     </span>
     <span class='ocr_line' id='line_1_25' title="bbox 502 2754 2753 2852; baseline -0.001 -23"><span class='ocrx_word' id='word_1_179' title='bbox 502 2776 554 2829; x_wconf 85' lang='lat' dir='ltr'><strong>a</strong></span> <span class='ocrx_word' id='word_1_180' title='bbox 588 2755 896 2852; x_wconf 88' lang='lat' dir='ltr'><strong>meipso</strong></span> <span class='ocrx_word' id='word_1_181' title='bbox 938 2756 1334 2829; x_wconf 89' lang='lat' dir='ltr'><strong>commissa</strong></span> <span class='ocrx_word' id='word_1_182' title='bbox 1358 2774 1405 2824; x_wconf 97' lang='lat' dir='ltr'><strong>a</strong></span> <span class='ocrx_word' id='word_1_183' title='bbox 1438 2765 1849 2828; x_wconf 88' lang='lat' dir='ltr'><strong>correctore</strong></span> <span class='ocrx_word' id='word_1_184' title='bbox 1876 2754 1971 2828; x_wconf 93' lang='lat' dir='ltr'><strong>ob</strong></span> <span class='ocrx_word' id='word_1_185' title='bbox 1995 2755 2427 2851; x_wconf 87' lang='lat' dir='ltr'><strong>typothetae</strong></span> <span class='ocrx_word' id='word_1_186' title='bbox 2449 2756 2690 2828; x_wconf 66' lang='lat' dir='ltr'><strong>socor²</strong></span> <span class='ocrx_word' id='word_1_187' title='bbox 2735 2812 2753 2833; x_wconf 79' lang='grc'><strong>,,</strong></span> 
     </span>
     <span class='ocr_line' id='line_1_26' title="bbox 454 2849 2690 2950; baseline -0 -26"><span class='ocrx_word' id='word_1_188' title='bbox 454 2877 461 2882; x_wconf 72' lang='grc'>’</span> <span class='ocrx_word' id='word_1_189' title='bbox 503 2851 710 2924; x_wconf 87' lang='lat' dir='ltr'><strong>diam</strong></span> <span class='ocrx_word' id='word_1_190' title='bbox 725 2850 999 2924; x_wconf 85' lang='lat' dir='ltr'><strong>frustra</strong></span> <span class='ocrx_word' id='word_1_191' title='bbox 1026 2851 1479 2924; x_wconf 88' lang='lat' dir='ltr'><strong>tollerentur.</strong></span> <span class='ocrx_word' id='word_1_192' title='bbox 1558 2849 2027 2950; x_wconf 81' lang='lat' dir='ltr'><strong>Quamquam</strong></span> <span class='ocrx_word' id='word_1_193' title='bbox 2050 2853 2400 2949; x_wconf 87' lang='lat' dir='ltr'><strong>pleraque</strong></span> <span class='ocrx_word' id='word_1_194' title='bbox 2424 2851 2690 2923; x_wconf 89' lang='lat' dir='ltr'><strong>horum</strong></span> 
     </span>
     <span class='ocr_line' id='line_1_27' title="bbox 501 2948 2687 3047; baseline -0.002 -24"><span class='ocrx_word' id='word_1_195' title='bbox 501 2948 713 3025; x_wconf 25' lang='lat' dir='ltr'><strong>levia,</strong></span> <span class='ocrx_word' id='word_1_196' title='bbox 732 2959 907 3023; x_wconf 88' lang='lat' dir='ltr'><strong>sunt</strong></span> <span class='ocrx_word' id='word_1_197' title='bbox 935 2949 1361 3047; x_wconf 84' lang='lat' dir='ltr'><strong>nulliusque</strong></span> <span class='ocrx_word' id='word_1_198' title='bbox 1381 2949 1772 3036; x_wconf 89' lang='lat' dir='ltr'><strong>momenti,</strong></span> <span class='ocrx_word' id='word_1_199' title='bbox 1810 2973 1870 3024; x_wconf 91' lang='lat' dir='ltr'><strong>e.</strong></span> <span class='ocrx_word' id='word_1_200' title='bbox 1891 2973 2021 3022; x_wconf 73' lang='lat' dir='ltr'><strong>cm</strong></span> <span class='ocrx_word' id='word_1_201' title='bbox 2043 2949 2436 3046; x_wconf 85' lang='lat' dir='ltr'><strong>aliquoties</strong></span> <span class='ocrx_word' id='word_1_202' title='bbox 2470 2970 2602 3044; x_wconf 91' lang='lat' dir='ltr'><strong>pro</strong></span> <span class='ocrx_word' id='word_1_203' title='bbox 2630 2973 2687 3019; x_wconf 77' lang='lat' dir='ltr'><em>u</em></span> 
     </span>
     <span class='ocr_line' id='line_1_28' title="bbox 498 3041 2692 3144; baseline -0.004 -23"><span class='ocrx_word' id='word_1_204' title='bbox 498 3046 854 3144; x_wconf 90' lang='lat' dir='ltr'><strong>positum,</strong></span> <span class='ocrx_word' id='word_1_205' title='bbox 881 3070 923 3117; x_wconf 80' lang='lat' dir='ltr'><strong>e</strong></span> <span class='ocrx_word' id='word_1_206' title='bbox 946 3069 1079 3144; x_wconf 91' lang='lat' dir='ltr'><strong>pro</strong></span> <span class='ocrx_word' id='word_1_207' title='bbox 1100 3073 1164 3134; x_wconf 84' lang='lat' dir='ltr'><strong>c,</strong></span> <span class='ocrx_word' id='word_1_208' title='bbox 1191 3056 1323 3117; x_wconf 89' lang='lat' dir='ltr'><strong>aut</strong></span> <span class='ocrx_word' id='word_1_209' title='bbox 1333 3057 1676 3118; x_wconf 87' lang='lat' dir='ltr'><strong>accentus</strong></span> <span class='ocrx_word' id='word_1_210' title='bbox 1702 3065 1971 3138; x_wconf 70' lang='lat' dir='ltr'><strong>vocum</strong></span> <span class='ocrx_word' id='word_1_211' title='bbox 1988 3065 2412 3139; x_wconf 87' lang='lat' dir='ltr'><strong>graecarum</strong></span> <span class='ocrx_word' id='word_1_212' title='bbox 2430 3041 2692 3117; x_wconf 89' lang='lat' dir='ltr'><strong>omissi</strong></span> 
     </span>
     <span class='ocr_line' id='line_1_29' title="bbox 499 3138 2759 3241; baseline -0.003 -25"><span class='ocrx_word' id='word_1_213' title='bbox 499 3156 635 3217; x_wconf 88' lang='lat' dir='ltr'><strong>aut</strong></span> <span class='ocrx_word' id='word_1_214' title='bbox 680 3162 1067 3241; x_wconf 87' lang='lat' dir='ltr'><strong>perperam</strong></span> <span class='ocrx_word' id='word_1_215' title='bbox 1119 3144 1402 3230; x_wconf 90' lang='lat' dir='ltr'><strong>notati,</strong></span> <span class='ocrx_word' id='word_1_216' title='bbox 1463 3153 1598 3215; x_wconf 87' lang='lat' dir='ltr'><strong>aut</strong></span> <span class='ocrx_word' id='word_1_217' title='bbox 1664 3142 2036 3218; x_wconf 89' lang='lat' dir='ltr'><strong>vocabula</strong></span> <span class='ocrx_word' id='word_1_218' title='bbox 2063 3138 2465 3239; x_wconf 88' lang='lat' dir='ltr'><strong>-quaedam</strong></span> <span class='ocrx_word' id='word_1_219' title='bbox 2534 3161 2689 3212; x_wconf 88' lang='lat' dir='ltr'><strong>non</strong></span> <span class='ocrx_word' id='word_1_220' title='bbox 2747 3179 2759 3210; x_wconf 55' lang='grc' dir='ltr'><strong><em>ι</em></strong></span> 
     </span>
     <span class='ocr_line' id='line_1_30' title="bbox 498 3235 2697 3340; baseline -0.001 -28"><span class='ocrx_word' id='word_1_221' title='bbox 498 3240 665 3340; x_wconf 90' lang='lat' dir='ltr'><strong>pari</strong></span> <span class='ocrx_word' id='word_1_222' title='bbox 726 3239 1005 3335; x_wconf 90' lang='lat' dir='ltr'><strong>ubique</strong></span> <span class='ocrx_word' id='word_1_223' title='bbox 1084 3239 1377 3313; x_wconf 90' lang='lat' dir='ltr'><strong>ratione</strong></span> <span class='ocrx_word' id='word_1_224' title='bbox 1443 3238 1755 3333; x_wconf 89' lang='lat' dir='ltr'><strong>scripta,</strong></span> <span class='ocrx_word' id='word_1_225' title='bbox 1825 3239 2032 3312; x_wconf 88' lang='lat' dir='ltr'><strong>velut</strong></span> <span class='ocrx_word' id='word_1_226' title='bbox 2109 3235 2539 3311; x_wconf 89' lang='lat' dir='ltr'><strong>condicio</strong></span> <span class='ocrx_word' id='word_1_227' title='bbox 2616 3248 2697 3330; x_wconf 30' lang='lat' dir='ltr'><strong>et·</strong></span> 
     </span>
     <span class='ocr_line' id='line_1_31' title="bbox 496 3331 2762 3435; baseline -0.003 -22"><span class='ocrx_word' id='word_1_228' title='bbox 496 3336 968 3423; x_wconf 86' lang='lat' dir='ltr'><strong>conditio,</strong></span> <span class='ocrx_word' id='word_1_229' title='bbox 1047 3331 1661 3435; x_wconf 84' lang='lat' dir='ltr'><strong>pulchritudo</strong></span> <span class='ocrx_word' id='word_1_230' title='bbox 1733 3347 1810 3408; x_wconf 89' lang='lat' dir='ltr'><strong>et</strong></span> <span class='ocrx_word' id='word_1_231' title='bbox 1883 3332 2472 3432; x_wconf 86' lang='lat' dir='ltr'><strong>pulcritudo,</strong></span> <span class='ocrx_word' id='word_1_232' title='bbox 2548 3332 2762 3406; x_wconf 77' lang='lat' dir='ltr'><strong>res‘·</strong></span> 
     </span>
     <span class='ocr_line' id='line_1_32' title="bbox 430 3430 2690 3535; baseline -0.002 -27"><span class='ocrx_word' id='word_1_233' title='bbox 430 3448 433 3455; x_wconf 57' lang='lat'><strong><em>⁴</em></strong></span> <span class='ocrx_word' id='word_1_234' title='bbox 493 3434 885 3535; x_wconf 90' lang='lat' dir='ltr'><strong>publica</strong></span> <span class='ocrx_word' id='word_1_235' title='bbox 935 3444 1009 3505; x_wconf 90' lang='lat' dir='ltr'><strong>et</strong></span> <span class='ocrx_word' id='word_1_236' title='bbox 1057 3430 1620 3531; x_wconf 87' lang='lat' dir='ltr'><strong>res-publica,</strong></span> <span class='ocrx_word' id='word_1_237' title='bbox 1670 3433 1970 3530; x_wconf 88' lang='lat' dir='ltr'><strong>aliaque</strong></span> <span class='ocrx_word' id='word_1_238' title='bbox 2020 3431 2353 3507; x_wconf 89' lang='lat' dir='ltr'><strong>eiusdem</strong></span> <span class='ocrx_word' id='word_1_239' title='bbox 2403 3432 2690 3526; x_wconf 86' lang='lat' dir='ltr'><strong>generis</strong></span> 
     </span>
     <span class='ocr_line' id='line_1_33' title="bbox 543 3527 2694 3629; baseline -0.004 -24"><span class='ocrx_word' id='word_1_240' title='bbox 543 3553 684 3605; x_wconf 92' lang='lat' dir='ltr'><strong>uae</strong></span> <span class='ocrx_word' id='word_1_241' title='bbox 733 3552 1164 3605; x_wconf 89' lang='lat' dir='ltr'><strong>enumerare</strong></span> <span class='ocrx_word' id='word_1_242' title='bbox 1211 3528 1568 3625; x_wconf 89' lang='lat' dir='ltr'><strong>putidum</strong></span> <span class='ocrx_word' id='word_1_243' title='bbox 1613 3529 1735 3604; x_wconf 86' lang='lat' dir='ltr'><strong>sit.</strong></span> <span class='ocrx_word' id='word_1_244' title='bbox 1833 3531 2246 3618; x_wconf 84' lang='lat' dir='ltr'><strong>Graviora,</strong></span> <span class='ocrx_word' id='word_1_245' title='bbox 2293 3549 2484 3629; x_wconf 90' lang='lat' dir='ltr'><strong>quae</strong></span> <span class='ocrx_word' id='word_1_246' title='bbox 2531 3527 2694 3625; x_wconf 89' lang='lat' dir='ltr'><strong>qui-</strong></span> 
     </span>
     <span class='ocr_line' id='line_1_34' title="bbox 491 3557 2694 3714; baseline -0.005 -10"><span class='ocrx_word' id='word_1_247' title='bbox 491 3557 668 3704; x_wconf 62' lang='lat' dir='ltr'><strong>dem</strong></span> <span class='ocrx_word' id='word_1_248' title='bbox 719 3624 1380 3702; x_wconf 84' lang='lat' dir='ltr'><strong>animadverterim</strong></span> <span class='ocrx_word' id='word_1_249' title='bbox 1402 3677 1424 3714; x_wconf 89' lang='lat'><strong>,</strong></span> <span class='ocrx_word' id='word_1_250' title='bbox 1495 3626 1754 3697; x_wconf 86' lang='lat' dir='ltr'><strong>omnia</strong></span> <span class='ocrx_word' id='word_1_251' title='bbox 1802 3627 1882 3698; x_wconf 90' lang='lat' dir='ltr'><strong>in</strong></span> <span class='ocrx_word' id='word_1_252' title='bbox 1934 3628 2085 3700; x_wconf 84' lang='lat' dir='ltr'><strong>fine</strong></span> <span class='ocrx_word' id='word_1_253' title='bbox 2130 3625 2307 3698; x_wconf 88' lang='lat' dir='ltr'><strong>libri</strong></span> <span class='ocrx_word' id='word_1_254' title='bbox 2354 3623 2694 3698; x_wconf 87' lang='lat' dir='ltr'><strong>indicavi</strong></span> 
     </span>
     <span class='ocr_line' id='line_1_35' title="bbox 493 3722 2692 3821; baseline -0.005 -20"><span class='ocrx_word' id='word_1_255' title='bbox 493 3738 570 3801; x_wconf 89' lang='lat' dir='ltr'><strong>et</strong></span> <span class='ocrx_word' id='word_1_256' title='bbox 619 3726 939 3799; x_wconf 63' lang='lat' dir='ltr'><strong>correxi.</strong></span> <span class='ocrx_word' id='word_1_257' title='bbox 1039 3723 1384 3799; x_wconf 88' lang='lat' dir='ltr'><strong>Ceterum</strong></span> <span class='ocrx_word' id='word_1_258' title='bbox 1436 3724 1554 3797; x_wconf 90' lang='lat' dir='ltr'><strong>his</strong></span> <span class='ocrx_word' id='word_1_259' title='bbox 1605 3736 1828 3820; x_wconf 88' lang='lat' dir='ltr'><strong>atque</strong></span> <span class='ocrx_word' id='word_1_260' title='bbox 1881 3723 2157 3796; x_wconf 87' lang='lat' dir='ltr'><strong>talibus</strong></span> <span class='ocrx_word' id='word_1_261' title='bbox 2207 3723 2426 3821; x_wconf 86' lang='lat' dir='ltr'><strong>aequi</strong></span> <span class='ocrx_word' id='word_1_262' title='bbox 2468 3722 2692 3795; x_wconf 89' lang='lat' dir='ltr'><strong>lecto·-</strong></span> 
     </span>
     <span class='ocr_line' id='line_1_36' title="bbox 492 3818 2693 3914; baseline -0.006 -15"><span class='ocrx_word' id='word_1_263' title='bbox 492 3847 610 3899; x_wconf 84' lang='lat' dir='ltr'><strong>res</strong></span> <span class='ocrx_word' id='word_1_264' title='bbox 662 3823 883 3896; x_wconf 86' lang='lat' dir='ltr'><strong>facile</strong></span> <span class='ocrx_word' id='word_1_265' title='bbox 932 3821 1348 3914; x_wconf 74' lang='lat' dir='ltr'><strong>ignoscentz</strong></span> <span class='ocrx_word' id='word_1_266' title='bbox 1398 3821 1594 3894; x_wconf 89' lang='lat' dir='ltr'><strong>liber</strong></span> <span class='ocrx_word' id='word_1_267' title='bbox 1638 3820 1666 3890; x_wconf 92' lang='lat' dir='ltr'><strong>i</strong></span> <span class='ocrx_word' id='word_1_268' title='bbox 1720 3843 1803 3892; x_wconf 89' lang='lat' dir='ltr'><strong>se</strong></span> <span class='ocrx_word' id='word_1_269' title='bbox 1834 3820 1904 3893; x_wconf 90' lang='lat' dir='ltr'><strong>si</strong></span> <span class='ocrx_word' id='word_1_270' title='bbox 1943 3818 2529 3912; x_wconf 86' lang='lat' dir='ltr'><strong>intelligentibus</strong></span> <span class='ocrx_word' id='word_1_271' title='bbox 2562 3818 2693 3889; x_wconf 88' lang='lat' dir='ltr'><strong>ha-</strong></span> 
     </span>
     <span class='ocr_line' id='line_1_37' title="bbox 494 3845 2738 4018; baseline -0.004 -24"><span class='ocrx_word' id='word_1_272' title='bbox 494 3943 663 3994; x_wconf 86' lang='lat' dir='ltr'><strong>rum</strong></span> <span class='ocrx_word' id='word_1_273' title='bbox 714 3941 958 3992; x_wconf 88' lang='lat' dir='ltr'><strong>rerum</strong></span> <span class='ocrx_word' id='word_1_274' title='bbox 1007 3916 1385 3992; x_wconf 86' lang='lat' dir='ltr'><strong>iudicibus</strong></span> <span class='ocrx_word' id='word_1_275' title='bbox 1434 3845 1873 4018; x_wconf 48' lang='lat' dir='ltr'><strong>probabitur</strong></span> <span class='ocrx_word' id='word_1_276' title='bbox 1919 3933 1996 3990; x_wconf 87' lang='lat' dir='ltr'><strong>et</strong></span> <span class='ocrx_word' id='word_1_277' title='bbox 2041 3913 2330 4013; x_wconf 88' lang='lat' dir='ltr'><strong>aliquid</strong></span> <span class='ocrx_word' id='word_1_278' title='bbox 2374 3926 2567 3988; x_wconf 90' lang='lat' dir='ltr'><strong>certe</strong></span> <span class='ocrx_word' id='word_1_279' title='bbox 2590 3909 2693 3985; x_wconf 89' lang='lat' dir='ltr'><strong>ad</strong></span> <span class='ocrx_word' id='word_1_280' title='bbox 2733 3937 2738 3942; x_wconf 87' lang='lat'><strong>·</strong></span> 
     </span>
     <span class='ocr_line' id='line_1_38' title="bbox 497 4011 2712 4111; baseline -0.004 -22"><span class='ocrx_word' id='word_1_281' title='bbox 497 4018 995 4111; x_wconf 84' lang='lat' dir='ltr'><strong>cognitionem</strong></span> <span class='ocrx_word' id='word_1_282' title='bbox 1012 4018 1340 4089; x_wconf 88' lang='lat' dir='ltr'><strong>Graecae</strong></span> <span class='ocrx_word' id='word_1_283' title='bbox 1370 4013 1847 4111; x_wconf 84' lang='lat' dir='ltr'><strong>antiquitatis</strong></span> <span class='ocrx_word' id='word_1_284' title='bbox 1873 4011 2462 4110; x_wconf 88' lang='lat' dir='ltr'><strong>promovendam</strong></span> <span class='ocrx_word' id='word_1_285' title='bbox 2500 4011 2712 4083; x_wconf 85' lang='lat' dir='ltr'><strong>eius-.</strong></span> 
     </span>
     <span class='ocr_line' id='line_1_39' title="bbox 496 4107 2694 4210; baseline -0.004 -24"><span class='ocrx_word' id='word_1_286' title='bbox 496 4137 644 4210; x_wconf 89' lang='lat' dir='ltr'><strong>que</strong></span> <span class='ocrx_word' id='word_1_287' title='bbox 682 4134 1020 4185; x_wconf 85' lang='lat' dir='ltr'><strong>amorem</strong></span> <span class='ocrx_word' id='word_1_288' title='bbox 1086 4112 1170 4183; x_wconf 92' lang='lat' dir='ltr'><strong>in</strong></span> <span class='ocrx_word' id='word_1_289' title='bbox 1229 4109 1786 4185; x_wconf 87' lang='lat' dir='ltr'><strong>adolescentum</strong></span> <span class='ocrx_word' id='word_1_290' title='bbox 1856 4111 2132 4184; x_wconf 85' lang='lat' dir='ltr'><strong>animis</strong></span> <span class='ocrx_word' id='word_1_291' title='bbox 2184 4107 2534 4181; x_wconf 87' lang='lat' dir='ltr'><strong>alendum</strong></span> <span class='ocrx_word' id='word_1_292' title='bbox 2584 4108 2694 4178; x_wconf 86' lang='lat' dir='ltr'><strong>fa-</strong></span> 
     </span>
     <span class='ocr_line' id='line_1_40' title="bbox 497 4203 2691 4308; baseline -0.004 -26"><span class='ocrx_word' id='word_1_293' title='bbox 497 4233 663 4285; x_wconf 88' lang='lat' dir='ltr'><strong>cere</strong></span> <span class='ocrx_word' id='word_1_294' title='bbox 691 4233 908 4308; x_wconf 88' lang='lat' dir='ltr'><strong>posse</strong></span> <span class='ocrx_word' id='word_1_295' title='bbox 938 4207 1380 4296; x_wconf 89' lang='lat' dir='ltr'><strong>censebitur,</strong></span> <span class='ocrx_word' id='word_1_296' title='bbox 1422 4227 1687 4305; x_wconf 87' lang='lat' dir='ltr'><strong>operae</strong></span> <span class='ocrx_word' id='word_1_297' title='bbox 1710 4207 2034 4304; x_wconf 87' lang='lat' dir='ltr'><strong>pretium</strong></span> <span class='ocrx_word' id='word_1_298' title='bbox 2071 4205 2334 4281; x_wconf 84' lang='lat' dir='ltr'><strong>fecisse</strong></span> <span class='ocrx_word' id='word_1_299' title='bbox 2358 4203 2691 4280; x_wconf 84' lang='lat' dir='ltr'><strong>videbor.</strong></span> 
     </span>
     <span class='ocr_line' id='line_1_41' title="bbox 642 4299 2694 4383; baseline -0.004 -1"><span class='ocrx_word' id='word_1_300' title='bbox 642 4305 878 4382; x_wconf 73' lang='lat' dir='ltr'><strong>Sci-ib.</strong></span> <span class='ocrx_word' id='word_1_301' title='bbox 929 4306 1016 4378; x_wconf 92' lang='lat' dir='ltr'><strong>in</strong></span> <span class='ocrx_word' id='word_1_302' title='bbox 1063 4304 1561 4378; x_wconf 87' lang='lat' dir='ltr'><strong>universitate</strong></span> <span class='ocrx_word' id='word_1_303' title='bbox 1607 4308 2024 4383; x_wconf 88' lang='lat' dir='ltr'><strong>Pomerana</strong></span> <span class='ocrx_word' id='word_1_304' title='bbox 2084 4324 2153 4376; x_wconf 86' lang='lat' dir='ltr'><strong>a.</strong></span> <span class='ocrx_word' id='word_1_305' title='bbox 2205 4299 2277 4377; x_wconf 89' lang='lat' dir='ltr'><strong>d.</strong></span> <span class='ocrx_word' id='word_1_306' title='bbox 2323 4302 2482 4378; x_wconf 87' lang='lat' dir='ltr'><strong>XV.</strong></span> <span class='ocrx_word' id='word_1_307' title='bbox 2534 4300 2694 4376; x_wconf 87' lang='lat' dir='ltr'><strong>Cal.</strong></span> 
     </span>
    </p>
   </div>
   <div class='ocr_carea' id='block_1_5' title="bbox 494 4398 1676 4527">
    <p class='ocr_par' dir='ltr' id='par_1_5' title="bbox 494 4398 1676 4527">
     <span class='ocr_line' id='line_1_42' title="bbox 494 4398 1676 4527; baseline -0.008 -42"><span class='ocrx_word' id='word_1_308' title='bbox 494 4405 690 4485; x_wconf 86' lang='lat' dir='ltr'><strong>Nov.</strong></span> <span class='ocrx_word' id='word_1_309' title='bbox 736 4425 912 4479; x_wconf 87' lang='lat' dir='ltr'><strong>ann.</strong></span> <span class='ocrx_word' id='word_1_310' title='bbox 958 4398 1676 4527; x_wconf 78' lang='lat' dir='ltr'>MDCCCXXXVII.</span> 
     </span>
    </p>
   </div>
   <div class='ocr_carea' id='block_1_6' title="bbox 3031 35 3034 578">
    <p class='ocr_par' dir='ltr' id='par_1_6' title="bbox 3031 35 3034 578">
     <span class='ocr_line' id='line_1_43' title="bbox 3031 35 3034 578; baseline 0 0"><span class='ocrx_word' id='word_1_311' title='bbox 3031 35 3034 578; x_wconf 95' lang='lat' dir='ltr'><strong> </strong></span> 
     </span>
    </p>
   </div>
  </div>
 </body>
</html>
