3067 4975
614 365 760 441 148
895 366 951 440 Ι
961 363 1044 438 V.
1108 363 1176 435 1.
1222 365 1342 437 De
1393 363 1971 463 Spartanorum
2015 300 2105 437 re
2138 364 2477 465 publica.

570 545 1090 626 -reficiendam
1140 548 1406 620 civium
1454 540 1995 619 multitudinem
2042 547 2321 621 suasit:
2390 544 2525 622 sed
2587 546 2778 624 inse-

609 654 805 723 stam
855 642 1345 744 optimatibus
1394 666 1699 716 causam
1750 645 1830 715 et
1875 640 1972 715 ab
2024 642 2272 717 infidis
2308 648 2566 719 amicis
2594 670 2780 745 pro-3

610 744 838 818 ditam
892 767 1116 843 quum
1166 739 1511 815 obtinere
1561 764 1714 811 non
1760 742 2054 837 posset,
2098 746 2458 838 generosi
2487 742 2784 816 consilii

610 847 857 915 morte
963 864 1196 911 oenas
1248 838 1403 912 luit.
1478 835 1802 909 Meliore
1854 860 2212 924 successu
2262 838 2555 940 aliquot
2599 846 2782 938 post

610 940 827 1013 annis
849 939 907 1008 C
945 961 1296 1010 eomenes
1326 932 1637 1009 eandem
1664 956 1822 1006 rem
1849 958 2296 1031 aggressus,
2321 935 2782 1035 ephororum

612 1035 1192 1108 dominationem
1256 1034 1510 1104 verius
1577 1054 1794 1129 quam
1854 1055 1971 1102 ma
2036 1035 2375 1105 istratum
2449 1032 2781 1127 sustulit,

612 1137 919 1206 senatus
969 1128 1140 1202 loco
1191 1134 1810 1227 patronomorum
1862 1129 1980 1200 col
2016 1132 2265 1227 egium
2313 1131 2637 1204 instituit
2659 1134 2781 1222 ¹⁶),

536 1280 557 1286 -
607 1227 857 1318 legem
906 1229 1283 1325 agrariam
1331 1223 1670 1323 pertulit,
1720 1226 2093 1298 civitatem
2116 1225 2509 1325 supplevit,
2562 1224 2789 1300 disci-

606 1323 887 1425 plinam
953 1326 1282 1396 veterem
1341 1321 1710 1410 restitnit,
1773 1346 1932 1396 rem
1987 1320 2375 1396 militarem
2426 1322 2780 1397 emenda-

610 1426 717 1496 vit
743 1422 866 1514 ¹⁷),
935 1417 1479 1517 videbaturque
1542 1419 1763 1491 etiam
1830 1421 2214 1520 antiquum
2266 1419 2597 1520 Spartae
2645 1444 2779 1493 ro-

607 1520 752 1594 bur
827 1521 1054 1617 atque
1131 1513 1498 1616 bonorem
1576 1514 2099 1590 restituturum
2173 1515 2311 1591 sed
2380 1520 2459 1591 in
2526 1516 2780 1597 medio

603 1639 859 1688 rerum
908 1638 1161 1706 cursu,
1209 1614 1668 1709 Antigonum
1723 1610 2013 1688 bostem
2065 1621 2357 1708 nactus,
2418 1612 2782 1689 Macedo-

604 1716 936 1785 nicarum
990 1712 1253 1783 virium
1303 1708 1501 1781 mole
1555 1734 1971 1809 oppressus
2033 1708 2461 1785 succubuit.
2556 1712 2780 1784 Hunc

659 1818 1065 1882 ostremum
1117 1830 1212 1879 ex
1264 1804 1838 1880 H'eraclidarum
1888 1811 2126 1906 stirpe
2177 1834 2437 1908 regem
2489 1807 2781 1906 Sparta

601 1835 868 1978 babuit
898 1906 1023 1988 ¹⁸):
1075 1906 1343 2000 postea
1395 1906 1699 1997 tyranni
1746 1931 1997 1978 rerum
2046 1909 2270 2004 potiti
2299 1906 2477 1979 sunt
2502 1905 2781 1980 t'orma-

567 2026 753 2102 que
803 2004 919 2073 rei
963 1999 1333 2098 publicae,
1386 1997 1703 2072 sublatis
1748 2005 2132 2103 plerisque
2184 2000 2615 2077 Cleomenis
2660 2004 2778 2077 in-

602 2100 912 2190 stitutis,
961 2094 1296 2169 nonnihil
1348 2099 1600 2169 tamen
1652 2094 1746 2169 ad
1814 2106 2110 2173 veteres
2158 2101 2496 2197 Lycurgi
2559 2098 2777 2198 leges

601 2191 867 2267 reficta
913 2218 1084 2266 esse
1133 2191 1583 2287 videturffl).
1685 2195 2040 2268 Ceterum
2067 2201 2295 2268 variis
2315 2201 2514 2270 inter
2539 2196 2780 2294 Spar-

601 2297 822 2364 tanos
900 2299 1131 2389 atque·
1182 2288 1531 2362 Achaeos
1607 2290 2164 2366 certaminibus
2212 2314 2391 2366 mox
2451 2292 2780 2367 Romani

597 2390 911 2461 immixti
977 2389 1229 2460 omnia
1291 2410 1433 2459 suo
1486 2383 1862 2461 arbitratu
1916 2385 2390 2479 ordinabant,
2440 2403 2779 2489 ereptam

469 2533 477 2542 .
654 2490 1125 2559 erioecorum
1188 2488 1583 2583 regionem
1648 2482 1973 2560 Achaeis
2038 2480 2622 2563 contribuebant
2644 2488 2775 2583 ²⁰),

596 2509 1003 2680 gpartanis
1063 2584 1290 2678 ipsis,
1354 2581 1616 2656 relicta
1665 2579 2042 2657 libertatis
2092 2587 2376 2682 specie,
2442 2580 2777 2659 foederis

601 2705 692 2752 ac
743 2678 1132 2751 societatis
1183 2676 1396 2775 leges
1444 2676 1933 2778 imponebant
1955 2681 2081 2781 ²¹).

719 2881 846 2954 jo)
884 2886 1132 2937 Pausan.
1169 2885 1246 2951 ΙΙ,
1283 2882 1339 2950 9,
1376 2884 1426 2939 1.
1500 2885 1598 2937 Ne
1639 2902 1713 2938 ue
1757 2891 1950 2939 tamen
1998 2893 2262 2943 senatum
2306 2888 2478 2961 plane
2525 2891 2781 2962 sustulit,

599 2955 703 3011 sed
738 2963 1079 3029 potestatem
1119 2954 1514 3009 tautummodo
1552 2976 1587 3008 a
1628 2958 1780 3012 emit.
1818 2957 1959 3012 Vid.
1998 2961 2254 3014 Boeckb.
2294 2962 2365 3019 ad
2403 2965 2575 3036 (ἔοι-Ρ.
2595 2966 2777 3019 lucer.

599 3029 630 3082 1
668 3048 722 3101 p.
759 3029 883 3082 605.
959 3029 1227 3081 Ceterum
1262 3036 1736 3100 patronomorum
1785 3045 2003 3083 nomen
2055 3036 2224 3087 etiam
2277 3034 2338 3086 iu
2385 3036 2559 3089 inseri
2603 3039 2776 3091 tioni-

597 3100 708 3153 bus
743 3101 1047 3153 Romanae
1083 3101 1288 3151 aetatis
1326 3105 1385 3151 et
1420 3118 1505 3171 ap.
1544 3097 1957 3155 Philonia-atum
1994 3101 2390 3178 vit.'Apollon.
2411 3107 2503 3175 IV,
2526 3109 2563 3162 3
2622 3127 2777 3162 com-

598 3179 962 3224 memoratur.
1035 3170 1173 3224 vid.
1212 3169 1465 3223 Boeckh.
1506 3170 1545 3224 l.
1589 3170 1624 3224 l.
1699 3173 1918 3225 Munus
1996 3175 2130 3229 uale
2174 3177 2352 3230 fuerit
2398 3194 2516 3230 uon
2559 3178 2778 3252 liquet:

599 3242 702 3295 sed
725 3242 945 3296 bonore
966 3260 1037 3295 eo
1072 3241 1419 3311 gaudebant,
1453 3250 1520 3296 ut
1557 3261 1591 3295 a
1625 3245 1882 3317 principe
1906 3192 2136 3317 cdllegii
2161 3250 2355 3302 annns'
2369 3248 2771 3319 disignantur.

742 3344 840 3417 17)
877 3347 1164 3402 Plutarch.
1204 3347 1423 3412 Cleom.
1464 3366 1510 3402 ο.
1555 3350 1639 3402 11.

740 3454 837 3523 18)
873 3457 1028 3509 Nam
1066 3453 1394 3525 Agesipolis
1427 3456 1518 3508 111
1552 3461 1674 3507 hon
1709 3457 1822 3509 nisi
1858 3458 2092 3511 nomine
2131 3465 2299 3513 tenus
2334 3480 2437 3515 rex
2483 3462 2623 3530 fuit,
2674 3485 2771 3521 ae·

597 3530 940 3667 atexuiia:
974 3533 1202 3653 iti-mox
1237 3527 1471 3579 civitate
1504 3526 1724 3598 pulsus.
1797 3528 1937 3582 vid.
1983 3530 2190 3602 Polyb.
2240 3533 2359 3602 IV,
2404 3536 2506 3603 35,
2556 3536 2773 3594 9—14.

742 3702 842 3773 19)
882 3702 972 3759 ef.
1013 3705 1125 3757 Dio
1164 3700 1461 3773 chrysost.
1502 3723 1583 3758 or.
1623 3702 1803 3762 XXV
1835 3726 1890 3779 p.
1927 3706 2031 3762 281
2073 3717 2132 3763 et
2167 3707 2261 3764 all.
2303 3728 2390 3783 ap.
2429 3713 2774 3770 Meursium.

597 3777 848 3833 Miscell.
886 3777 1020 3832 Lac.
1062 3776 1137 3843 11,
1173 3775 1225 3828 ὅ.

600 3954 605 3958 Q
743 3879 844 3954 20)
888 3883 966 3937 Hi
1015 3889 1218 3954 postea
1268 3881 1824 3939 Eleutherolacones
1886 3886 2037 3939 dic-ti.
2127 3886 2216 3941 Cf.
2272 3889 2463 3947 Strab.
2512 3882 2688 3949 vm‘
2709 3914 2765 3969 p.

598 3956 724 4013 ⁵62.
783 3956 921 4009 laeiV.
954 3952 1221 4021 xxxiv,
1254 3955 1342 4009 36.
1400 3955 1637 4024 XXXV,
1675 3958 1760 4012 13.
1820 3958 2083 4013 Mueller.
2124 3962 2183 4013 11
2217 3981 2271 4034 p.
2311 3964 2399 4017 22.

739 4058 841 4130 21)
871 4060 1067 4115 sual».
1104 4061 1146 4116 1.
1182 4061 1224 4114 1.

1503 4258 1858 4286 ⁶⁴¹*—
