3067 4975
546 310 551 315 .
623 345 772 420 IV.
827 353 890 419 1.
939 345 1059 419 De
1107 344 1688 442 Spartanorum
1735 363 1825 413 re
1858 340 2199 442 publica.
2359 341 2501 415 113
2603 298 2616 307 .

218 562 237 573 ·
318 524 721 633 subiuncti.
819 524 1112 597 Horum
1164 526 1446 624 quauta
1493 518 1893 596 multitudo
1942 519 2174 598 suerit
2233 551 2334 601 ex
2400 552 2494 600 eo

318 624 581 723 colligi
639 620 931 720 potest,
1045 616 1576 739 uod.beredia
1642 622 1901 693 tricies
1964 620 2163 696 mille
2229 648 2275 696 a
2340 623 2494 724 Ly-

204 826 219 831 ·
300 722 1069 918 ’ἕζὲἔῶῗῖἐιᾶἳέηι
1082 714 1748 913 ἒῗῖωξρζῖἒέξῖῗὲ
1764 715 2548 915 θὲωρηΐιζῗῆἱέἒέἑ·

319 913 518 989 haud
568 917 812 986 miuus
864 914 1158 983 centum
1211 907 1446 983 fuisse
1499 908 1850 982 dicuntur
1874 910 1967 1006 ³).
2046 911 2310 987 Omnis
2361 940 2496 988 au..

315 1019 467 1132 tem
518 1013 1046 1125 perioecorum
1098 1010 1319 1126 regio
1369 1010 1444 1079 in
1497 1009 1760 1104 partes
1826 1005 2186 1105 quasdam
2255 1009 2498 1130 divisa

311 1107 464 1306 {31¹ss
471 1102 2067 1299 3{}·.1‘¹⁵¹3¹2'’‘zssngffifffflfflssp'ffissfflfflssa
2089 1104 2496 1302 ἶῗιῖἳῖἓὲἷιῖ

311 1301 609 1376 incolae
655 1301 801 1397 ipsi
852 1265 1446 1390 administrasse,
1495 1298 2131 1399 magistratusque
2184 1302 2497 1401 oppida·-

312 1425 458 1473 nos
511 1400 589 1473 et
639 1401 1034 1469 curatores
1086 1421 1128 1468 e
1168 1420 1307 1467 suo
1339 1418 1653 1469 numero
1690 1420 1992 1468 creasse
2026 1395 2368 1472 videntur
2394 1405 2491 1496 ⁶).
2552 1451 2568 1468 .

311 1498 632 1588 Maioris
681 1498 931 1567 autem
980 1494 1093 1565 rei
1142 1490 1493 1589 publicae
1543 1517 1634 1564 ac
1686 1493 2009 1565 civitatis
2060 1491 2124 1567 S
2182 1500 2492 1574 artanae

308 1617 631 1694 prorsus
682 1591 1040 1690 expertes
1091 1614 1230 1661 nec
1289 1586 1732 1686 suffragium
1781 1614 1923 1662 nec
1971 1592 2089 1663 ius
2123 1522 2495 1672 llouorum

311 1716 559 1793 neque
589 1683 1039 1764 connubium
1071 1684 1456 1761 habebant
1480 1686 1570 1777 ⁷),
1619 1682 1755 1758 sed
1796 1687 2316 1764 tautummodo
2344 1696 2493 1777 ,tri-

317 1784 499 1861 buta
550 1779 1045 1860 conserebant
1070 1785 1176 1883 ὅ),
1245 1780 1670 1886 militesque
1720 1784 2133 1880 imperatos
2184 1786 2491 1883 dabant,

311 1994 423 2046 tari
459 1991 651 2063 potest
685 1992 823 2064 quin
901 1992 1142 2044 erioecis
1166 1989 1584 2044 adnumerandi
1619 1992 1755 2043 sint.
1808 1991 2029 2047 Horum
2050 2000 2258 2050 terram
2277 2002 2492 2071 primus

309 2061 688 2118 Eehestratus
723 2010 928 2129 Agalla
964 2061 1008 2115 f.
1046 2062 1362 2117 subiecisse
1401 2063 1624 2125 dieitur,
1659 2064 1912 2116 Pausan.
1950 2067 2058 2133 In,
2097 2067 2149 2133 2,
2184 2070 2250 2138 33
2286 2078 2491 2143 postea

314 2135 414 2189 diu
449 2137 601 2189 inter
636 2136 956 2208 Spartanos
994 2140 1056 2187 et
1087 2137 1344 2203 Argivos
1381 2143 1757 2188 controversa
1793 2135 2022 2191 tandem
2057 2145 2191 2211 post
2237 2142 2491 2198 nobilem

313 2206 653 2278 Othryadae
688 2223 937 2277 pugnam
975 2209 1112 2261 circ.
1152 2206 1230 2260 ol.
1267 2206 1339 2260 58
1374 2209 1436 2261 in
1470 2204 1703 2260 illorum
1744 2206 1962 2260 ditione
1996 2227 2102 2282 per
2147 2211 2328 2267 multa
2363 2234 2465 2268 sae

311 2276 444 2331 cula
479 2280 810 2350 permansit.
883 2279 1132 2330 Pausan.
1171 2280 1248 2344 11,
1284 2277 1374 2346 38,
1410 2278 1462 2330 5.
1507 2276 1579 2332 cf.
1622 2276 1888 2348 Thucyd.
1930 2279 2006 2349 V,
2043 2282 2130 2334 41.
2197 2283 2277 2335 Et
2311 2287 2491 2342 sciri.

307 2356 406 2403 tae
441 2368 694 2422 quoque,
731 2348 1016 2401 Arcadiae
1094 2346 1331 2420 opulus,
1383 2349 1605 2401 etiamsi
1644 2348 2077 2418 distinguuntur
2124 2369 2159 2404 a
2205 2359 2485 2422 perioecis

309 2422 466 2477 Xen.
506 2421 658 2474 Hell.
701 2422 776 2486 V,
814 2423 867 2486 2,
906 2421 1003 2489 16,
1048 2369 1201 2474 llaud
1251 2418 1497 2498 absimili
1546 2428 1740 2474 tamen
1789 2422 2129 2477 condicione
2176 2424 2355 2480 fuisse
2402 2433 2487 2484 vi-

312 2494 538 2548 dentur.
611 2495 704 2546 De
753 2502 908 2545 terra
954 2492 1227 2546 Sciritide
1275 2492 1397 2546 vid.
1448 2490 1653 2564 Steph.
1703 2494 1849 2563 Byz.
1898 2512 1947 2548 s.
1997 2515 2056 2550 ν.
2093 2500 2291 2570 ΣκΙρος.
2330 2495 2489 2558 Xon,

306 2563 467 2618 nell.
506 2566 640 2632 Vll,
676 2566 730 2632 4,
766 2565 856 2618 21.
925 2563 1194 2617 Mueller.
1228 2565 1373 2618 Dor.
1410 2563 1470 2616 Π
1504 2583 1561 2634 p.
1597 2564 1725 2617 450.
1765 2571 1823 2616 et
1868 2563 1939 2618 de
1977 2585 2174 2623 eorum
2213 2572 2275 2622 in
2311 2573 2491 2645 Spar-

309 2644 577 2690 tanorum
625 2639 884 2688 exercitu
931 2635 1137 2689 militia
1180 2633 1260 2691 id.
1308 2654 1367 2707 1).
1413 2635 1522 2690 242
1570 2640 1628 2688 et
1674 2634 1953 2691 Haasium
2001 2639 2076 2694 ad
2119 2642 2275 2697 Xen.
2312 2643 2383 2697 do
2418 2665 2486 2698 η

308 2706 465 2779 publ.
503 2707 637 2760 Lac.
673 2728 729 2779 p.
752 2708 893 2778 2235.

449 2808 515 2882 2)
553 2810 846 2885 Plutarch.
882 2814 1132 2885 Lycur-3.
1172 2832 1223 2866 ο.
1261 2813 1297 2867 8
1334 2811 1409 2866 cf.
1447 2818 1507 2865 et
1541 2818 1662 2868 not.
1700 2832 1868 2886 prox.

446 2917 515 2987 3)
551 2919 753 2992 steph.
788 2922 935 2991 Byz.
974 2939 1021 2974 s·
1056 2938 1116 2972 v,
1153 2919 1357 2972 Αῑθαία
1394 2925 1457 2973 et
1485 2920 1724 2973 Αἰτωλία.
1765 2920 1841 2977 ef.
1873 2920 2143 2977 Mueller.
2180 2926 2322 2980 Dor.
2340 2930 2389 2986 1.
2425 2951 2485 3003 p.

309 2992 401 3047 23.
456 2992 677 3044 Eorum
717 2991 1057 3063 oppidorum
1094 3009 1266 3064 quum
1306 2990 1593 3043 nonnulla
1627 2994 1689 3043 in
1726 2992 2023 3046 Messenia
2057 2994 2275 3051 fuerint
2313 3019 2483 3074 appa-

256 3095 267 3100 -
307 3070 399 3117 ret
444 3081 565 3115 non
615 3069 749 3116 ante
797 3063 1096 3116 subactam
1142 3065 1497 3116 Messeniam
1544 3060 1696 3114 hano
1752 3063 2217 3121 distributionem
2272 3068 2483 3128 saetam

312 3152 475 3196 essee
523 3153 651 3187 eum
700 3134 808 3187 bac
854 3141 1044 3187 autem
1094 3133 1344 3187 dubitari
1388 3151 1509 3186 non
1559 3140 1750 3205 potest
1798 3137 1937 3207 quin
1994 3140 2164 3190 etiam
2203 3139 2384 3196 altera
2418 3149 2481 3198 in

304 3207 488 3260 30000
521 3205 757 3259 heredia
803 3208 1112 3260 coniuncta
1157 3205 1363 3269 fuerit,
1451 3204 1784 3259 uamobrem
1829 3203 1978 3260 banc
2024 3227 2251 3282 quoque
2298 3203 2500 3270 eidem*

304 3280 566 3349 tempori,
601 3296 740 3347 rege
776 3277 1090 3342 Polydoro,
1129 3279 1398 3346 assignan
1442 3295 1532 3329 am
1562 3278 1789 3334 censui.

447 3381 508 3449 4)
549 3387 842 3461 Quinque.
898 3383 1043 3436 Vid.
1080 3382 1351 3439 Mueller.
1387 3384 1419 3437 1
1451 3404 1509 3456 p.
1548 3383 1639 3438 94.
1675 3384 1736 3437 11
1769 3403 1826 3456 p.
1866 3386 1954 3442 24.
2024 3386 2146 3442 Sed
2179 3392 2486 3460 postue„-

305 3456 526 3510 seniam
562 3456 859 3510 subactam
894 3454 1092 3532 plures
1127 3453 1311 3509 factas
1349 3473 1477 3508 esse
1513 3453 1780 3523 arbitror,
1818 3454 2014 3511 decem
2048 3453 2310 3516 fortasse.

449 3558 518 3629 5)
555 3564 918 3639 Κυθηροδῖκην
949 3564 1013 3616 in
1050 3559 1365 3632 Cytheram
1399 3562 1648 3617 insulam
1685 3565 1991 3638 quotannis
2014 3563 2482 3636 Spartalmissum

307 3645 720 3689 commemorat
770 3634 1058 3707 Thucyd..
1082 3634 1201 3703 IV,
1249 3636 1338 3689 53.
1422 3633 1501 3688 Et
1548 3632 1767 3686 similes
1817 3638 2184 3705 magistratus
2231 3637 2480 3698 fortasse

303 3707 366 3758 in
404 3709 613 3760 ceteris
650 3707 908 3778 partibus
954 3704 1192 3758 fuerunt
1225 3706 1377 3773 bini,
1422 3712 1489 3758 ut
1532 3707 1743 3773 viginti
1794 3712 1988 3759 essent
2023 3711 2300 3770 universi.
2371 3718 2481 3770 At.

304 3795 418 3847 que
455 3775 515 3830 bi
553 3796 680 3831 esse
715 3778 989 3833 videntur
1024 3778 1231 3846 viginti
1265 3775 1595 3829 barmostae
1633 3794 1667 3829 a
1703 3774 1882 3830 scbol.
1916 3777 2480 3858 Pind.‘01ym1‚.V1,
2585 3836 2591 3850 ,

308 3849 415 3903 154
448 3853 768 3917 memorati.
843 3849 933 3906 ef.
969 3848 1148 3905 Haas.
1184 3847 1224 3902 l.
1261 3847 1298 3905 l.
1336 3867 1392 3919 p.
1422 3847 1534 3902 286
1575 3854 1632 3900 et
1665 3846 2016 3901 Lachmann.
2052 3869 2110 3923 Ρ.
2147 3853 2271 3909 181.
2340 3869 2345 3874 ·
2461 3867 2466 3874 ·

448 3951 514 4024 6)
552 3956 694 4015 Via.
730 3937 1004 4016 Mueller.
1038 3956 1098 4014 11
1129 3974 1188 4026 Ρ.
1224 3954 1315 4012 39.
1369 3953 1721 4010 Lachmann.
1757 3953 1828 4028 ι).
1849 3953 1973 4010 180.

449 4058 513 4131 7)
554 4063 644 4117 ef.
679 4064 950 4120 Mueller.
986 4083 1042 4136 1».
1076 4064 1147 4117 211
1182 4080 1268 4133 sq.
1343 4059 1522 4125 Quod
1559 4078 1649 4133 ap.
1687 4059 1952 4132 Thucyd.
1971 4061 2141 4131 vm,
2174 4066 2249 4121 22
2280 4069 2482 4124 Dinia-

308 4130 411 4185 des
444 4138 695 4209 neototxos·
727 4136 897 4193 classi
932 4134 1260 4211 praefectus
1285 4130 1467 4186 fuisse
1492 4132 1719 4200 dicitur,
1756 4151 1876 4186 non
1899 4134 2314 4206 Spartanorum
2337 4139 2483 4196 haee

304 4203 412 4258 sed
449 4204 725 4260 Chiorum
767 4207 966 4261 elassis
1001 4204 1134 4260 fuit.

305 4402 364 4454 p·
413 4311 520 4441 lg),
553 4313 819 4373 svmmv
856 4312 918 4393 τῇ
959 4310 1189 4390 Σπάρτῃ.
1275 4309 1471 4369 strab.
1518 4310 1694 4380 vm,
1741 4311 1778 4366 5
1826 4330 1886 4383 ι).
1921 4311 2049 4368 365.
2118 4314 2210 4374 ef.
2245 4316 2508 4376 Lachm..

2058 4452 2118 4525 8
