3067 4975
542 358 622 412 1v
1398 343 1848 439 Praefatio.
1956 439 1960 444 .
2018 331 2034 352 '⁵

549 526 821 626 quibus
881 549 1132 600 meum
1193 526 1286 601 de
1349 527 1551 601 recta
1609 526 2138 601 tradendarum
2191 530 2730 627 antiquitatum

551 627 846 698 ratione
902 623 1268 698 iudicium
1333 649 1380 698 a
1443 629 1611 702 viro
1674 627 2321 723 praestantissimo
2395 626 2733 719 dissidet,

457 721 467 738 ⁴
553 743 743 819 quae
805 722 946 795 hoc
1000 723 1165 795 loco
1231 725 1571 821 persequi
1629 725 1802 796 nolo
1864 747 2092 819 quum
2160 726 2327 822 ipsa
2373 725 2735 799 librorum

554 832 975 893 nostrorum
1052 822 1507 918 comparatio
1581 822 1837 918 qualia
1907 822 2089 892 haec
2186 824 2342 894 sint
2428 823 2736 895 cuilibet

556 929 898 1012 apertum
972 916 1212 987 facere
1284 918 1542 1016 possit.
1674 916 2018 992 Ceterum
2094 935 2540 1016 magnopere
2614 944 2737 992 me

557 1034 789 1108 quum
820 1013 1235 1086 Hermanni
1257 1014 1477 1102 libro,
1528 1027 1690 1087 tum
1728 1015 1826 1087 iis
1928 1037 2060 1088 uos
2113 1029 2288 1087 ante
2336 1039 2506 1089 eum
2535 1018 2733 1105 Guil.

556 1108 1166 1188 Wachsmuthius
1231 1124 1307 1184 et
1364 1110 1568 1185 Frid
1622 1112 1834 1194 Guil..
1939 1112 2355 1186 ittmannus
2423 1108 2515 1184 de
2576 1114 2737 1186 iure

557 1203 856 1369 publico
906 1207 1359 1281 Graecorum
1408 1207 1839 1295 ediderunt,
1890 1209 1974 1278 in
2015 1209 2154 1281 hoc
2205 1232 2372 1280 meo
2423 1210 2736 1282 conscri-

611 1297 802 1371 endo
852 1299 1194 1375 adiutum
1246 1328 1449 1393 esse,
1511 1305 1846 1396 ingratus
1911 1304 2054 1376 sim
2118 1306 2183 1376 si
2250 1302 2733 1378 dissimulem.

561 1393 1030 1492 Quamquam
1083 1422 1259 1473 vere
1309 1400 1554 1472 dicere
1603 1422 1932 1496 possum,
1982 1402 2273 1472 nullum
2322 1424 2477 1473 non
2499 1402 2762 1493 locum.

558 1492 670 1562 ita
719 1513 766 1562 a
813 1515 935 1565 me
983 1504 1383 1569 tractatum
1437 1522 1628 1584 esse,
1689 1498 1906 1595 quasi
1966 1497 2048 1567 hi
2097 1497 2477 1569 libri¹non
2527 1510 2741 1571 exta-

506 1637 511 1646 ·
559 1600 756 1675 rent,
818 1613 1059 1689 neque
1117 1593 1529 1691 quidquam
1593 1614 1641 1664 a
1702 1617 1826 1665 me
1873 1594 2229 1691 scriptum
2280 1617 2472 1680 esse,
2535 1593 2739 1691 quod

559 1703 713 1758 non
761 1699 893 1759 aut
940 1692 1103 1786 ipse
1150 1691 1350 1764 solus
1378 1692 1859 1777 invenissem,
1913 1702 2064 1777 aut,
2114 1692 2408 1762 etiamsi
2441 1689 2536 1760 ab
2565 1692 2736 1766 aliis

561 1795 966 1879 acceptum,
1017 1786 1205 1858 meis
1254 1800 1508 1860 tamen
1560 1787 1793 1860 oculis
1845 1788 2455 1883 pervestigassem
2497 1805 2584 1857 ac
2614 1811 2737 1861 ve-

559 1901 730 1950 rum
802 1905 965 1954 esse
1024 1886 1570 1980 comperissem.
1686 1883 1998 1957 Interim
2067 1883 2299 1954 officii
2364 1883 2514 1955 mei
2580 1907 2738 1957 esse

562 1973 788 2063 duxi,
854 1991 940 2049 ut
1000 1976 1389 2053 laudarem
1451 2004 1746 2078 quoque
1791 1981 1957 2051 loco
2007 2003 2326 2077 quorum
2375 2002 2475 2052 ex
2521 1979 2738 2056 libris

558 2084 690 2143 aut
740 2097 872 2166 ego
922 2072 1395 2173 profecissem
1448 2089 1581 2149 aut
1627 2098 1737 2162 ea,
1787 2097 1976 2172 quae
2025 2076 2215 2147 mihi
2265 2101 2397 2172 pro
2442 2077 2736 2150 consilii

555 2171 711 2239 mei
771 2173 1061 2245 ratione
1124 2171 1445 2248 breviter
1508 2172 2027 2245 tantummodo
2093 2171 2526 2264 attingenda
2573 2173 2735 2245 fue·-

555 2278 753 2354 runt,
801 2270 1094 2365 plenius
1145 2272 1485 2362 cognosci
1534 2280 1859 2367 possent.
1937 2268 2088 2342 Sed
2134 2270 2365 2366 quum
2415 2270 2739 2365 plurima

554 2360 674 2435 his
728 2368 1099 2461 proximis
1151 2369 1370 2439 annis
1419 2368 1504 2438 in
1553 2368 1693 2438 hoc
1740 2389 2003 2458 genere
2049 2368 2323 2461 scripta
2371 2367 2579 2453 sint,-‚
2612 2390 2739 2440 ne.-

564 2477 569 2484 ·
614 2482 933 2559 uaquam
959 2463 1141 2536 haec
1171 2466 1425 2536 omnia
1456 2485 1502 2535 a
1552 2489 1672 2537 me
1722 2464 1934 2535 lecta·
1961 2489 2121 2537 esse
2169 2483 2322 2534 non
2374 2474 2485 2536 est
2532 2461 2737 2560 quod

617 2555 908 2631 iffitear.
1005 2562 1106 2634 Et
1152 2563 1516 2635 nonnulla
1563 2560 1908 2659 quidem,
1963 2583 2202 2658 quum
2250 2558 2473 2634 valde
2523 2584 2737 2656 cupe-

558 2666 718 2726 rem
781 2680 1249 2749 cognoscere,
1312 2683 1468 2731 non
1528 2671 1786 2731 tamen
1850 2658 2065 2754 potui
2128 2657 2504 2748 nancisci;
2563 2659 2735 2744 alia,

562 2773 790 2846 quum
854 2777 1011 2826 non
1073 2757 1239 2829 sine
1302 2757 1649 2828 molestia
1709 2776 1795 2824 ac
1842 2753 2267 2849 sumptibus
2318 2773 2739 2849 comparas-

559 2870 739 2937 sem,
767 2846 996 2948 'spem
1047 2873 1291 2924 meam
1343 2874 1788 2948 magnopere
1844 2850 2303 2936 fefellerunt3
2371 2871 2562 2947 quae
2620 2875 2737 2924 res

560 2948 958 3040 quominus
1043 2971 1210 3020 cum
1255 2950 1790 3046 ‘poenitentiae
1852 2948 2175 3046 periculo
2244 2946 2338 3019 de
2404 2947 2735 3043 pluribus

534 3043 1094 3140 'conquirendis
1152 3045 1567 3139 laborarem
1630 3070 1771 3118 me·
1816 3044 2192 3117 deterruit.
2291 3047 2409 3118 Ita
2458 3043 2734 3116 iactum

556 3149 671 3210 'est
741 3141 945 3215 haud
1006 3141 1233 3214 dubie
1292 3155 1401 3214 ut·
1438 3142 1804 3214 nonnulla
1866 3141 2094 3213 etiam
2141 3141 2469 3214 melioris
2518 3152 2738 3212 notae

556 3241 1263 3331 praetermitterem,
1324 3243 1538 3335 plura
1589 3252 1841 3311 tamen
1890 3234 2263 3309 eiusmodi
2324 3261 2482 3310 esse
2541 3236 2736 3307 arbi-

558 3346 747 3424 tror,
818 3348 1008 3434 quae
1067 3337 1447 3428 ignorasse
1505 3337 1816 3431 impune
1880 3334 2000 3409 sit.
2104 3332 2188 3405 Si
2238 3332 2423 3429 quid
2484 3345 2734 3407 autem

557 3428 699 3502 hoc
761 3434 847 3505 in
905 3456 1169 3527 genere
1226 3433 1420 3504 libro
1484 3455 1651 3504 meo
1725 3430 1969 3517 deest,
2042 3427 2128 3499 id
2190 3427 2490 3502 abunde
2550 3431 2734 3520 Her-

558 3532 819 3602 manni
868 3531 1123 3628 copiae
1171 3531 1511 3625 supplere
1559 3540 1930 3622 poterunt,
1981 3526 2257 3622 quippe
2306 3528 2437 3622 qui
2479 3534 2733 3601 omnes

553 3622 710 3697 fere
775 3629 1001 3699 etiam
1067 3625 1524 3698 exilissimos
1586 3625 1876 3699 libellos
1947 3634 2022 3695 et
2084 3623 2533 3696 iuvenilium
2582 3635 2758 3703 stu--

558 3718 853 3796 diorum
930 3722 1341 3820 specimina
1408 3741 1985 3794 commemorare
2060 3742 2214 3791 non
2293 3717 2734 3811 dedignatus

442 3845 450 3853 ·
552 3817 672 3888 sit.
775 3820 1027 3895 Unum
1075 3839 1259 3914 opus
1310 3820 1525 3911 longe
1572 3815 2298 3916 praestantissimum
2342 3814 2555 3889 doleo
2581 3838 2736 3888 non

550 3927 725 3987 ante
792 3917 1225 3991 absolutam·
1273 3927 1349 3988 et
1411 3917 1566 3986 iam
1619 3916 1819 4011 typis
1872 3911 2315 4007 descriptam
2370 3914 2734 3986 maiorem

543 4010 721 4082 libri
771 4028 1053 4108 partem
1108 4015 1193 4084 in
1252 4034 1515 4084 manus
1568 4032 1772 4084 meas
1799 4009 2243 4107 pervenisse,
2293 4010 2385 4081 H.
2413 4011 2497 4082 F.
2535 4009 2735 4083 Clin-

550 4111 709 4181 toni
760 4110 1721 4185 FastorumHeilenicorum
1772 4120 2064 4179 tomum
2116 4108 2462 4200 primum,
2514 4128 2734 4202 quem

549 4207 849 4303 quidem
912 4209 998 4278 in
1071 4228 1160 4278 ea
1219 4217 1464 4303 parte,
1508 4226 1731 4301 quae
1796 4215 1908 4277 est
1978 4199 2358 4293 degentis
2411 4204 2737 4275 Graecae

548 4304 942 4402 stirpibus,
1003 4327 1156 4375 non
1226 4304 1425 4377 sinex
1459 4303 1965 4375 emolumento
2036 4319 2390 4394 usurpare
2458 4301 2737 4394 potuis-

546 4427 737 4476 sem.
819 4402 1075 4474 Etiam
1126 4402 1326 4476 Petri
1383 4421 1535 4475 van
1584 4398 1944 4488 Limburg
1990 4394 2389 4501 Brouweri
2437 4394 2733 4481 librum,
