3067 4975
886 253 902 263 Ο
962 257 981 275 ς
1014 251 1031 263 ⁶
1093 256 1109 268 v
1172 246 1218 268 ο.
1277 252 1296 268 0
1339 249 1465 269 ...Ο
1555 259 1572 268 ο
1642 251 1660 270 0

870 286 919 300 σα
961 284 981 306 ι
1014 283 1031 294 ·
1065 272 1107 302 ’.
1144 271 1159 292 ¹
1200 284 1219 308 q
1248 268 1266 287 ⁸
1308 267 1336 314 ’3
1404 283 1464 301 oo
1559 286 1576 301 ι
1629 282 1677 300 o·
1819 269 1826 278 “

497 333 515 359 b
854 316 930 340 *a*
962 312 980 327 ο
1018 306 1107 346 ¹:⁴ae
1154 299 1265 349 ἴθ’..
1310 333 1326 350 ·
1446 315 1462 336 3
1559 317 1575 335 0
1614 311 1631 326 υ
1679 318 1752 345 ,..
1812 307 1826 324 Δ

501 324 548 396 z
848 303 1864 395 ·⁴···⁴·⁴Prooemmm.

508 509 793 579 Verum
847 503 1042 577 hanc
1091 501 1378 577 tantam
1426 528 1683 577 rerum
1731 500 2281 578 multitudinem
2336 507 2414 580 et
2465 510 2709 581 varie-

503 611 776 696 tatem,
845 603 1137 675 etiamsi
1189 605 1375 674 satis
1427 604 1682 673 omnia
1749 599 2145 699 explorari
2209 607 2287 675 et·
2348 603 2714 679 illustrari

515 705 743 801 atque
795 703 900 771 ita
950 700 1148 771 inter
1199 725 1282 773 se
1336 703 1532 771 necti
1566 703 1642 770 et
1674 702 1940 769 vinciri
1968 702 2315 796 possent,
2369 706 2453 774 ut
2485 729 2714 775 unum

513 805 872 898 tanquam
923 821 1204 894 corpus
1274 793 1715 893 disciplinae
1781 798 2151 868 existeret
2218 799 2559 898 partibus
2624 827 2715 873 ac

518 895 871 969 membris
935 900 1111 991 apte
1178 895 1717 992 compositum,
1795 891 2157 969 maioiem
2225 905 2472 970 tamen
2542 923 2716 996 pro-

519 992 722 1067 fecto
777 1001 852 1064 et
890 991 1330 1090 ampliorem
1362 991 1721 1083 dicemus,
1776 1016 1995 1090 quain
2024 1017 2218 1091 quae
2246 997 2717 1068 semestrium

519 1090 945 1168 scholarum
1000 1091 1250 1187 spatio
1302 1096 1435 1164 aut
1485 1091 1944 1187 pertractari
2011 1092 2405 1164 commode
2469 1120 2515 1163 a
2561 1091 2720 1174 ¹do-

522 1186 870 1262 centibus
934 1193 1063 1259 aut
1121 1189 1412 1284 percipi
1481 1212 1528 1257 a
1592 1182 2058 1259 discentibus
2111 1192 2380 1284 possit.
2478 1190 2719 1278 Prae-

524 1288 743 1360 terea
792 1281 1178 1357 fatendum
1232 1292 1348 1358 est
1401 1310 1551 1356 non
1603 1309 1891 1381 paucas
1942 1307 2043 1356 ex
2092 1284 2243 1356 illis
2277 1284 2509 1359 rebus
2541 1313 2720 1386 pro-

525 1387 701 1482 pter
751 1391 1401 1455 monumentorum
1456 1380 1835 1455 defectum
1886 1407 1983 1453 ne
2032 1406 2267 1479 posse
2300 1383 2597 1482 quidem
2628 1380 2722 1455 ad
2771 1433 2778 1438 -

525 1486 774 1556 iustae
840 1477 1278 1578 disciplinae
1347 1483 1689 1553 rationes
1754 1479 1942 1551 satis
2010 1479 2404 1578 explorari
2465 1490 2540 1554 et
2592 1508 2719 1555 co-

526 1580 833 1679 gnosci:
870 1574 1059 1649 alias
1083 1576 1382 1675 plenius
1419 1579 1646 1675 atque
1677 1578 2106 1649 accuratius
2136 1603 2393 1673 nosse,
2431 1582 2724 1653 etiamsi

528 1681 935 1778 possimus,
990 1677 1118 1747 vix
1150 1682 1400 1747 tamen
1431 1700 1715 1773 operae
1748 1677 2072 1771 pretium
2105 1674 2343 1748 videri
2373 1678 2478 1773 ³):
2532 1681 2722 1749 alias

535 1774 858 1873 denique
922 1775 1244 1871 propter
1303 1775 1653 1845 naturam
1718 1798 1928 1843 suam
2008 1774 2231 1871 atque
2300 1772 2725 1847 ubertatem

534 1872 926 1974 propriam
979 1869 1125 1943 sibi
1179 1869 1885 1968 contemplationem
1940 1871 2019 1942 et
2069 1870 2537 1970 disciplinam
2588 1898 2730 1976 po-

534 1968 846 2045 stulare.
944 1968 1209 2066 Itaque
1271 1993 1495 2067 quum
1559 1991 1852 2039 omnem
1924 1966 2389 2042 Graeconnn
2455 1971 2734 2041 Roma-

536 2090 959 2164 norumque
1026 2070 1249 2137 vitam
1316 2067 1806 2164 antiquitates
1869 2063 2267 2162 complecti
2330 2094 2482 2139 non
2551 2092 2733 2165 pos-

487 2167 491 2171 ’
536 2167 715 2257 sint,
741 2159 1287 2236 contrahantur
1311 2187 1628 2237 necesse
1657 2170 1776 2233 est
1803 2163 1882 2233 in
1909 2168 2430 2259 angustiorem
2471 2167 2732 2240 orbem

534 2287 794 2341 rerum
846 2285 1038 2361 quae
1089 2263 1166 2334 et
1216 2259 1494 2359 dignae
1549 2263 1863 2356 cognitu
1917 2267 2051 2332 aut
2100 2267 2606 2356 necessariae,
2659 2270 2734 2336 et

540 2368 874 2436 arctiore
927 2356 1314 2433 affinitatis
1360 2354 1662 2432 vinculo
1714 2359 1915 2431 inter
1965 2383 2050 2431 se
2103 2364 2550 2434 coniunctae
2587 2364 2732 2433 ita-

543 2486 688 2562 que
742 2460 1226 2556 comparatae
1279 2457 1456 2550 sint,
1506 2458 1592 2528 ut
1623 2452 2015 2529 commode
2044 2482 2090 2528 a
2123 2460 2406 2532 ceteris
2434 2461 2733 2558 seiungi

545 2570 622 2632 et
684 2556 779 2629 ad
842 2558 1202 2653 propriae
1269 2551 1661 2628 cuiusdam
1712 2551 2154 2652 disciplinae
2223 2559 2592 2631 rationem
2645 2582 2735 2631 ac

540 2655 859 2730 formam
926 2649 1260 2726 describi
1325 2659 1400 2725 et
1463 2654 1817 2750 componi
1881 2654 2205 2749 possint.
2314 2655 2489 2727 Jam
2555 2679 2737 2729 vero

543 2777 771 2856 quum
826 2752 1069 2823 omnis
1117 2748 1576 2850 populorum
1626 2753 1777 2823 vita
1826 2752 1903 2822 in
1956 2749 2233 2849 triplici
2282 2778 2533 2826 rerum
2598 2777 2736 2851 ge·

542 2875 728 2925 nere
782 2852 1159 2939 vertatur,
1226 2856 1748 2947 occupataque
1811 2850 1914 2919 sit
1978 2857 2111 2920 aut
2176 2853 2246 2922 in
2317 2876 2733 2950 procuran-

547 2947 664 3022 dis
712 2942 946 3019 rebus
998 2943 1091 3017 ad
1145 2947 1423 3020 victum
1474 2942 1905 3045 cultumque
1957 2951 2308 3044 corporis
2347 2946 2735 3021 tuendam-

547 3072 697 3149 que
747 3068 906 3116 rem
957 3040 1414 3117 familiarem
1453 3046 1930 3132 necessariis,
1984 3051 2115 3116 aut
2163 3047 2241 3116 in
2292 3049 2386 3118 iis
2438 3044 2734 3137 studiis,

547 3169 741 3245 quae
805 3139 903 3215 ad
966 3166 1216 3213 rerum
1284 3140 1706 3214 divinarum
1770 3137 2412 3243 humanarumque
2477 3147 2739 3242 cogni·
2831 3178 2836 3183 ·

541 3248 825 3313 tionem
889 3242 964 3311 et
1026 3237 1414 3313 liberalem
1481 3241 1707 3309 animi
1774 3237 2052 3310 cultum
2117 3244 2342 3341 atque
2396 3238 2734 3314 oblecta-

545 3343 825 3413 tionem
892 3340 1301 3435 pertinent,
1364 3339 1497 3409 aut
1564 3333 1885 3434 denique
1937 3339 2023 3408 'in
2105 3336 2303 3412 civili
2364 3343 2735 3417 societate

544 3462 632 3509 ac
697 3460 782 3508 re
834 3428 1138 3532 publica
1193 3430 1651 3525 ordinanda,
1721 3428 2355 3530 administranda,
2419 3434 2737 3512 tuenda:

543 3559 644 3606 ex
698 3531 811 3604 his
860 3527 1102 3602 tribus
1153 3556 1403 3605 rerum
1450 3528 1868 3629 generibus
1916 3530 1991 3604 id
2045 3532 2245 3632 quod
2282 3537 2525 3632 primo
2556 3531 2735 3608 loco

539 3632 931 3730 posuimus
1005 3633 1432 3701 accuratius
1509 3627 1839 3729 dataque
1923 3656 2161 3726 opera
2243 3636 2736 3730 perscrutari,

542 3730 835 3801 etiamsi
885 3722 1167 3825 aliquid
1210 3724 1550 3801 fortasse
1599 3731 1897 3800 otiosae
1952 3727 2504 3821 delectationiS,
2570 3735 2736 3806 veri

450 3870 475 3920 ··,
539 3832 791 3897 tamen
856 3850 947 3898 ac
1017 3821 1242 3896 solidi
1292 3821 1589 3898 fructus
1636 3849 1906 3922 parum
1960 3823 2243 3901 habere
2296 3827 2591 3901 videtur
2613 3827 2733 3923 ⁴)=

671 4028 741 4102 3)
782 4031 1075 4103 Ruhnken
1113 4033 1179 4086 de
1213 4030 1352 4089 doec.
1387 4033 1611 4089 umbrat.
1684 4034 1989 4106 (opuscul.
2037 4035 2222 4105 Lugd.
2272 4037 2403 4091 Bae.
2442 4033 2632 4107 18⁰7.)
2673 4058 2729 4110 p.

535 4104 667 4159 1192
695 4107 1141 4178 paedagogorum
1175 4114 1403 4179 ingeniis
1438 4109 1805 4180 relinquendae
1842 4118 1967 4161 suat
1999 4110 2231 4162 insulsae
2263 4110 2332 4163 de
2350 4116 2584 4163 veterum
2620 4111 2728 4164 cal·

500 4184 655 4263 ²cei-s,
690 4179 911 4246 annuli-5,
927 4176 1121 4244 sthulss
1160 4186 1213 4230 et
1236 4181 1483 4250 paenulis
1519 4181 1928 4250 compilationes.

663 4260 730 4334 4)
772 4267 1016 4338 Opificia
1055 4276 1322 4339 artesque
1354 4266 1626 4336 βάναυσοι,
1667 4272 1792 4339 agri
1830 4269 2074 4334 cultura,
2112 4288 2206 4322 res
2243 4274 2531 4342 pecuaria,
2568 4290 2721 4326 mer-

523 4342 725 4392 catura
759 4338 988 4410 aliaque
1023 4336 1192 4394 huius
1226 4344 1461 4408 generis
1509 4346 1772 4412 quamvis
1822 4359 1944 4396 uon
1994 4340 2366 4398 mediocriter
2419 4349 2589 4398 etiam
2647 4346 2717 4397 ad
