3067 4975
496 369 499 376 ”
549 364 699 438 338
758 443 765 447 7,
951 362 1031 436 V.
1075 359 1197 434 De
1242 383 1333 434 re
1367 339 1687 472 publica
1734 358 2328 438 Athembnsbum.

537 556 751 623 terea
817 568 1031 618 suum
1096 543 1407 642 quisque
1468 539 1858 618 custodem
1920 568 1968 615 a
2016 539 2460 639 parentibus
2511 541 2727 619 addi-

544 646 727 736 tum,
776 639 1131 741 paedago
1190 663 1340 729 um,
1392 642 1518 738 qui
1568 665 1736 713 eum
1789 642 1867 714 et
1916 636 2327 716 deduceret
2371 644 2449 715 in
2472 638 2728 716 ludum

544 738 843 814 domum
894 763 989 812 ue
1037 761 1123 810 re
1177 742 1454 826 uceret,
1510 739 1589 808 et
1618 739 1923 809 omnino
1953 735 2420 834 'prodeuntis
2468 741 2544 811 in
2582 765 2726 838 pu-

543 835 823 912 blicum
844 767 1097 908 (lateri
1143 829 1613 927 adhaereret,
1662 842 1748 906 ut
1795 830 2076 907 nullum
2106 859 2260 907 non
2293 839 2508 936 pueri
2536 836 2725 909 tem-

543 961 689 1034 pus
752 935 883 1006 aut
946 927 1086 1006 sub
1153 931 1546 1028 parentum
1610 938 1741 1004 aut
1803 927 1944 1005 sub
2012 934 2547 1030 magistrorum
2598 941 2727 1007 aut

549 1028 690 1107 sub
757 1027 1194 1128 paedagogi
1255 1023 1494 1100 oculis
1554 1028 1938 1127 ageretur.
2052 1030 2148 1100 Hi
2217 1054 2259 1102 e
2335 1025 2728 1104 servorum

544 1153 860 1201 numero
924 1119 1487 1223 deligebantur:
1565 1149 1935 1226 quumque
1997 1122 2280 1199 nullum
2344 1130 2489 1216 nisi
2534 1132 2769 1225 {spe-x

545 1225 752 1299 ctata
813 1220 962 1297 fide
1012 1247 1102 1294 ac
1149 1217 1533 1320 probitate
1582 1221 2119 1321 paedagogum
2170 1220 2323 1322 leg-i
2372 1227 2724 1298 conveni-

542 1329 688 1415 ret,
740 1347 892 1394 non
940 1344 1122 1394 raro
1172 1326 1420 1392 tamen
1468 1321 1520 1392 ii
1569 1321 2037 1417 potissimum
2091 1322 2313 1419 capti,
2353 1324 2506 1421 ·qui
2557 1318 2724 1394 aliis

539 1420 971 1492 ministeriis
1085 1418 1349 1514 ropter
1409 1422 1733 1490 aetatem
1810 1418 1940 1488 aut
2014 1413 2521 1491 infirmitatem
2585 1420 2723 1491 mi-

538 1542 685 1589 nus
732 1512 991 1589 idonei
1094 1508 1535 1606 aberentur3
1614 1538 1930 1613 quorum
1992 1539 2149 1586 non
2211 1516 2522 1613 poterat
2570 1540 2723 1588 non

545 1617 830 1711 exigua
892 1608 1255 1684 adversus
1312 1635 1596 1709 pueros
1660 1610 2077 1684 auctoritas
2140 1619 2218 1686 et
2265 1614 2519 1711 specie
2567 1637 2720 1684 ma-

544 1713 666 1809 gis
719 1735 936 1809 quam
988 1733 1072 1782 re
1124 1704 1470 1781 custodia
1519 1733 1690 1782 esse
1718 1709 1808 1801 ²).
1908 1704 2247 1783 Publicis
2312 1710 2560 1782 autem
2611 1707 2717 1783 le-

540 1803 771 1904 gibus
849 1830 1339 1906 quaecunque
1399 1804 1495 1877 ad
1562 1802 1964 1879 arcendam
2025 1830 2073 1877 a
2132 1809 2390 1905 pueris
2454 1830 2719 1879 corru-

601 1902 824 1977 telam
885 1902 1389 2001 pertinerent,
1461 1899 2033 2001 diligentissime
2095 1906 2357 2006 cauta:
2436 1928 2534 1975 ne
2580 1927 2718 2002 pa-

535 1930 1061 2076 lbestricorum
1109 1999 1898 2098 gymnasticorumque
1948 2003 2485 2073 exercitiorum
2516 2001 2715 2072 servi

538 2099 950 2197 participes
998 2093 1292 2187 fierent,
1341 2119 1436 2168 ne
1488 2100 1863 2190 ingenuos
1909 2120 2195 2194 pueros
2243 2098 2585 2176 amarent
2609 2096 2714 2195 3)=

537 2221 633 2267 ne
686 2200 860 2266 ante
911 2188 1096 2265 solis
1146 2195 1395 2264 ortum
1441 2190 1599 2263 ludi
1648 2193 2106 2290 aperientur,
2155 2218 2344 2267 neve
2375 2201 2555 2293 post
2587 2221 2715 2268 oc-

539 2317 795 2364 casum
849 2291 1234 2388 paterentz
1307 2314 1402 2362 ne
1468 2285 1703 2361 adulti
1763 2285 1858 2361 ad
1978 2313 2206 2364 ueros
2264 2293 2715 2365 intromitte-

532 2389 839 2481 rentur,
929 2411 1117 2462 neve
1178 2388 1620 2460 Museorum
1681 2388 1811 2459 aut
1947 2411 2415 2461 ermaeorum
2482 2386 2716 2462 ferias

537 2481 940 2584 agentibus
987 2485 1582 2559 immiscerentur
1607 2481 1693 2577 4),
1760 2492 1836 2559 et
1885 2509 2076 2585 quae
2128 2488 2305 2559 sunt
2353 2484 2502 2559 alia
2551 2490 2714 2560 eius

533 2585 886 2682 generis:
940 2607 1384 2684 quamquam
1430 2579 1797 2682 pleraque
1844 2579 2115 2658 borum
2163 2585 2311 2657 iam
2362 2581 2712 2660 Socratis

540 2891 770 2964 quidem
820 2890 1081 2946 diversos
1125 2889 1307 2945 fuisse
1352 2888 1426 2943 ab
1474 2891 1579 2957 iis,
1630 2892 1730 2963 qui
1774 2898 2061 2947 certorum
2105 2893 2376 2948 ludorum
2421 2912 2596 2948 causa
2632 2894 2706 2948 ad

536 2973 795 3034 sumptus
830 2965 1260 3035 gymnasiorum
1308 2960 1673 3034 praebendos
1719 2965 2249 3034 constituebantur,
2307 2969 2409 3020 vix
2457 2965 2706 3020 dubitari

533 3043 755 3106 potest}
813 3054 1155 3108 quamquam
1198 3033 1432 3087 illorum
1487 3051 1718 3107 quoquc
1765 3054 1917 3090 unus
1972 3056 2005 3091 e
2048 3038 2344 3092 veteribus
2388 3038 2705 3092 Aeschines

535 3113 730 3160 orator
776 3110 1126 3161 mentionem
1173 3105 1339 3175 facit,
1399 3104 1609 3158 deindo
1645 3113 1846 3159 auctor
1880 3108 2129 3162 Axiocbi
2164 3108 2201 3162 l.
2241 3108 2279 3162 l.
2313 3110 2493 3180 Eryx.
2531 3128 2581 3164 c.
2614 3112 2702 3165 21.

530 3179 1049 3251 inscriptionesque
1082 3177 1317 3232 multae.
1393 3175 1516 3230 Sed
1552 3178 1625 3231 de
1660 3177 1752 3232 bis
1791 3184 1849 3232 et
1885 3180 1957 3234 de
1992 3187 2211 3237 mutata
2232 3180 2477 3235 subinde
2504 3199 2701 3236 eorum

532 3253 759 3302 ratione
804 3254 944 3304 satis
995 3257 1082 3303 est
1127 3247 1477 3304 Abs-ensium
1526 3247 1793 3319 laudare,
1851 3251 1924 3304 de
1957 3250 2318 3306 Athenarum
2369 3261 2525 3307 statu
2569 3260 2701 3326 post

529 3321 782 3374 foederis
829 3320 1071 3375 Achaici
1136 3324 1428 3376 interitum
1487 3316 1790 3391 (Gotting.
1843 3323 2000 3379 1829.
2046 3320 2111 3394 4)
2158 3337 2217 3390 P.
2253 3325 2339 3379 56.
2427 3326 2697 3379 Ceterum

533 3394 703 3446 etiam
752 3411 844 3463 ap.
878 3395 1120 3451 Aristot.
1174 3394 1345 3447 Polit.
1383 3394 1490 3456 vl,
1527 3392 1564 3446 8
1601 3400 1745 3446 extr.
1789 3397 2180 3472 γυμνασιαρχία
2229 3414 2356 3450 cum
2392 3415 2694 3470 γυναικονο-

527 3468 647 3538 pelet,
682 3463 1015 3538 παιδονομίᾳ,
1049 3467 1409 3538 νομοφυλακίςι
1445 3467 1827 3535 componitur.

666 3605 728 3675 2)
765 3606 905 3662 vid.
941 3605 1179 3659 Jacobs.
1218 3605 1259 3658 l.
1295 3605 1335 3659 l.
1374 3626 1429 3678 p.
1467 3606 1788 3662 186-190.
1860 3607 1932 3663 A.
1973 3610 2227 3663 Cramer.
2262 3607 2303 3664 l.
2338 3610 2378 3663 l.
2414 3631 2471 3684 Ρ.
2502 3612 2571 3667 ll
2609 3631 2691 3686 sq.

522 3678 590 3731 F.
629 3680 885 3748 Cramer,
928 3675 1275 3731 Gescbicbte
1314 3678 1416 3732 der
1458 3678 1796 3750 Erziehung
1827 3698 1887 3760 u.
1922 3679 2026 3735 des
2062 3681 2420 3737 Unterricbts
2456 3680 2689 3753 (nuner-

467 3830 473 3836 .
519 3749 659 3804 fem.
697 3752 852 3806 1832.
888 3745 973 3820 8.)
1012 3752 1043 3805 1
1081 3770 1137 3823 ρ.
1176 3749 1301 3804 258.

656 3871 725 3944 3)
759 3874 1032 3929 Aeschin.
1082 3876 1143 3927 in
1194 3872 1484 3928 Timar-cb.
1531 3893 1587 3946 Ρ.
1623 3876 1748 3930 147.
1788 3874 2084 3930 Plutarch.
2120 3877 2327 3931 Solon·
2364 3897 2412 3933 c.
2454 3880 2482 3933 l
2522 3880 2688 3952 Sept·

488 3947 655 4018 ‘Sap.
693 3966 866 4001 conv.
900 3967 956 4020 p.
996 3949 1102 4001 152
1138 3948 1192 4000 D
1228 3945 1422 4019 ibique
1458 3947 1881 4016 wyttenbacb.
1916 3954 2055 4002 tom·
2089 3950 2150 4003 11
2183 3969 2239 4022 Ρ.
2276 3950 2384 4005 238
2417 3951 2576 4024 Lips.
2614 3985 2683 3999 -

511 4021 861 4088 Peregrinos
911 4018 984 4072 ad
1020 4021 1232 4072 civium
1267 4020 1571 4089 gymnasia
1608 4018 1885 4073 admissos
1923 4038 2053 4074 esse
2088 4027 2342 4087 constat,
2386 4032 2542 4078 certe
2576 4043 2682 4096 po-

510 4091 847 4144 sterioribus
881 4090 1250 4163 temporibus,
1289 4108 1463 4162 quum
1498 4090 1666 4144 multi
1702 4090 1956 4165 undique
1989 4091 2392 4147 adolescentes
2427 4095 2680 4167 discipli.-

507 4181 618 4215 nae
669 4181 843 4216 causa
886 4165 1146 4215 Athenas
1192 4160 1565 4218 confluerent.
1635 4161 1778 4218 vid.
1811 4161 2070 4219 Boeckb.
2117 4166 2189 4218 de
2235 4165 2477 4238 ephebia
2514 4163 2676 4240 (pro-

506 4252 653 4287 oem.
688 4244 829 4288 aest.
869 4230 1050 4303 1819.)
1089 4252 1144 4306 p.
1185 4234 1223 4288 8
1260 4240 1319 4289 et
1352 4233 1601 4292 Abrens.
1634 4233 1679 4288 l.
1714 4233 1758 4288 1.
1793 4254 1848 4306 Ρ.
1880 4236 1972 4290 63.
2421 4232 2425 4237 ’
2657 4244 2662 4251 ’

631 4357 693 4426 4)
731 4358 1001 4443 Aeschin.
1037 4363 1100 4414 in
1137 4358 1428 4414 Timar-cb.
1461 4379 1516 4432 Ρ.
1554 4357 1821 4416 34—39.
