3067 4975
607 371 667 443 I
677 369 753 443 V.
814 376 874 442 1.
925 369 1069 442 De.
1091 368 1672 465 Spartanorum
1720 390 1822 439 re·
1840 362 2202 475 public-m
2332 363 2475 439 125

305 549 641 628 defuncti
687 553 900 649 regis
947 548 1177 624 filium
1224 551 1408 623 natu
1455 553 1857 623 maximum
1885 551 1974 640 3),
2021 553 2094 625 si
2136 547 2273 623 filii
2302 546 2486 623 nulli

306 652 566 724 essent
616 650 746 720 aut
793 673 946 720 uon
995 647 1251 720 idonei
1301 649 1426 747 qui
1455 649 1872 744 regnarent
1895 648 1997 743 ²⁴),
2047 645 2141 719 ad
2175 645 2486 720 fratrem

306 747 440 820 aut
487 748 914 843 proximum
966 748 1325 841 agnatum
1379 741 1865 817 deferebatur
1894 743 2000 834 ⁵),
2060 742 2197 816 sed
2246 747 2356 815 ita
2401 746 2487 816 ut

304 865 681 942 nunquam
734 840 884 914 duo
932 844 1153 924 unius
1203 838 1528 914 familiae
1577 867 1807 941 reges
1873 843 2131 916 essent
2151 843 2239 932 ⁶).
2338 843 2485 915 Ae-

304 940 464 1012 tate
529 934 946 1012 minoribus
1012 940 1307 1011 tutores
1373 935 1530 1011 dati
1596 940 1860 1036 agnati
1923 941 2293 1034 proximi,
2357 941 2488 1039 qui

303 1037 700 1134 imperium
751 1033 1404 1110 administrarent:
1458 1032 1530 1106 hi
1581 1038 1872 1126 πρόδικοι
1901 1035 2075 1107 dicti
2105 1036 2199 1130 ⁷).
2278 1037 2485 1108 Con-

305 1135 482 1207 victi
529 1135 912 1231 gravioris
964 1130 1211 1205 delicti
1262 1156 1493 1230 reges
1539 1133 1872 1204 amoveri
1903 1134 2296 1228 poterant:
2344 1156 2489 1205 nec

307 1232 558 1303 ta'men
610 1227 752 1303 hac
803 1255 887 1303 re
936 1227 1261 1302 filiorum
1309 1233 1428 1301 ius
1489 1225 1944 1302 succedendi
2002 1226 2487 1301 imminueba-

309 1334 434 1401 tur
460 1329 552 1418 8).
666 1327 1028 1411 Potestas
1098 1348 1366 1424 regum
1448 1327 1770 1398 maxime
1846 1324 2107 1400 similis
2176 1327 2342 1398 erat
2419 1327 2490 1398 ei

361 1450 502 1498 uae
555 1422 862 1499 heroica
914 1426 1165 1499 aetate
1217 1420 1425 1522 apud,
1468 1425 1772 1496 ceteros
1822 1449 2123 1529 quoque
2151 1423 2492 1496 Graecos

307 1450 586 1615 llum-at,
635 1521 723 1594 ut
766 1523 1149 1621 principes
1213 1529 1471 1596 essent
1529 1517 1812 1618 publici
1863 1520 2194 1614 consilii,
2242 1521 2329 1593 ut
2375 1522 2487 1592 iu-

314 1619 508 1693 dicia
571 1624 1061 1710 exercerent,
1130 1617 1515 1691 exercitus
1579 1615 2014 1711 ductarent,
2081 1643 2306 1691 sacra
2356 1614 2483 1690 de·

310 1720 539 1816 nique
586 1740 732 1815 pro
786 1718 1091 1792 civitate
1140 1713 1506 1788 facerent.
1606 1714 1710 1786 Et
1749 1714 2125 1813 'Spartani
2188 1712 2490 1815 quidem

311 1838 543 1910 reges
596 1837 823 1915 quum
873 1813 1190 1886 aliorum
1236 1836 1629 1884 sacrorum
1670 1809 2162 1908 plurimorum
2210 1837 2491 1909 procu-

311 1914 690 1985 rationem·
710 1906 1121 2002 habebant,
1171 1921 1326 1981 tum
1357 1906 1789 1981 sacerdotio
1823 1905 2342 2007 fungebantur
2365 1908 2492 1980 Io·
2557 1926 2560 1929 ·

309 2011 424 2083 vis
477 2006 858 2080 Coelestis
910 2010 989 2080 et
1035 2008 1242 2079 Iovis
1290 2004 1875 2080 Lacedaemonii
1900 2009 1994 2097 9).
2084 2002 2492 2078 Praeside-

307 2102 497 2179 hant
545 2102 892 2197 Senatui,
943 2128 1260 2204 eumque
1293 2101 1388 2177 de
1417 2105 1749 2199 negotiis
1785 2101 1882 2177 ad
1914 2127 2072 2193 rem
2115 2099 2493 2202 publicam

309 2200 867 2302 pertinentibus
917 2197 1446 2275 consulebant:
1507 2202 1585 2272 in
1638 2199 2028 2298 suffragiis
2080 2205 2330 2274 autem
2380 2196 2491 2272 fe-

309 2298 570 2372 rendis
645 2301 821 2396 pari·
893 2324 1058 2372 cum
1136 2299 1411 2372 ceteris
1482 2300 1648 2371 iure
1727 2299 2139 2395 erant10).·
2212 2299 2330 2370 Po
2389 2294 2492 2368 uli

313 2393 631 2470 concilia
694 2422 857 2470 cum
924 2391 1408 2470 senatoribus
1469 2392 2085 2467 moderabantur.
2188 2393 2296 2469 Se
2414 2397 2493 2466 iu

306 2489 423 2567 his
470 2495 758 2594 pariter
808 2486 899 2568 ac
946 2497 1022 2566 in
1072 2492 1344 2567 senatu
1394 2515 1577 2565 mox
1627 2517 1984 2572 crescens
2033 2488 2491 2591 ephororum

363 2593 654 2665 otestas
715 2616 981 2689 regum
1045 2592 1479 2664 auctoritati
1549 2591 2014 2689 magnopere
2079 2587 2491 2664 officiebat.

303 2617 912 2763 furisdietionem
991 2684 1379 2762 habehant
1454 2684 1566 2763 de.
1633 2687 2128 2785 epicleror’um
2210 2690 2493 2785 nuptiis

307 2927 642 3003 Lacon-¹10.
661 2949 715 3003 9.
770 2948 956 3002 Plane
995 2949 1279 3003 diversam
1319 2967 1353 3001 a
1391 2925 1591 3003 >vetere
1629 2947 1939 3003 traditione
1976 2946 2272 3003 historiam
2303 2949 2490 3005 Lach-

309 3038 526 3075 manno
564 3022 917 3075 comminisci
951 3020 1171 3093 placuit
1203 3041 1259 3093 p.
1299 3022 1402 3075 135
1437 3040 1562 3093 sqq.
1680 3017 1686 3024 ’
1729 3029 1741 3038 ’

455 3123 524 3196 3)
564 3128 654 3179 lta
689 3133 911 3194 tamen,
960 3129 1009 3179 si
1059 3125 1151 3180 hic
1194 3135 1358 3198 patre
1407 3130 1524 3179 iam
1571 3130 1851 3195 regnante
1886 3130 2058 3179 natus
2096 3132 2267 3180 esset.
2338 3128 2494 3182 Nam

236 3235 245 3238 ,
313 3196 458 3252 alias
494 3200 682 3268 minor
719 3198 892 3260 filiast,
928 3198 1032 3251 sed
1067 3201 1131 3251 in
1164 3217 1348 3267 regno
1388 3200 1567 3269 patris
1605 3206 1794 3261 natus,
1842 3200 2046 3251 maiori
2084 3206 2217 3252 aute
2252 3219 2494 3272 regnum

311 3276 452 3323 nato
488 3270 940 3342 praeferebatur,
977 3276 1125 3323 teste
1159 3272 1474 3324 Demarato
1513 3269 1606 3342 ap.
1644 3268 1924 3323 Herodot.
1959 3270 2102 3339 vll,
2136 3272 2190 3325 3.

454 3375 516 3444 4)
552 3371 739 3430 Velut
773 3380 822 3431 si
860 3394 1102 3449 corpore
1139 3395 1259 3429 non
1295 3379 1525 3447 integro
1566 3384 1792 3449 essent:
1828 3394 1961 3428 nam
1999 3377 2061 3429 id
2084 3378 2495 3450 impedimento

313 3445 495 3501 fuisse
532 3448 771 3520 colligas
810 3469 842 3501 e
877 3448 1148 3521 Xenoph.
1183 3448 1412 3503 Hellen.
1452 3450 1555 3515 111,
1591 3450 1645 3517 3,
1681 3451 1736 3505 3.
1788 3447 1946 3502 Plut.
1982 3451 2159 3520 Ages.
2199 3469 2246 3505 ο.
2284 3453 2337 3508 3.

454 3551 521 3625 5)
561 3555 651 3611 ef».
686 3554 958 3611 Mueller.
993 3556 1059 3611 11
1095 3575 1148 3626 p.
1183 3557 1307 3613 101.

454 3657 520 3731 6)
561 3665 736 3716 Corn.
773 3663 929 3736 Nep.
965 3666 1142 3736 Ages.
1176 3665 1226 3732 1,
1262 3666 1317 3720 3.
1359 3664 1432 3719 cf.
1470 3663 1624 3733 Plut-
1662 3663 1884 3718 Gleom.
1924 3682 1975 3717 c.
2013 3665 2080 3718 11
2119 3672 2265 3718 extr.

457 3766 522 3836 7)
559 3768 714 3823 Plut.
753 3771 1005 3842 Lycur-g.
1044 3790 1093 3824 c.
1131 3772 1183 3825 3.
1221 3770 1293 3825 cf.
1330 3773 1585 3825 Pausan.
1622 3772 1733 3840 11¹,
1769 3772 1822 3839 4,
1862 3772 1912 3824 7.

459 3873 520 3942 8)
557 3878 650 3929 Ita
688 3851 1041 3931 Plistouacte
1079 3878 1349 3931 damnato
1387 3896 1630 3948 reguum
1669 3879 1853 3931 maior
1889 3875 2043 3930 filius
2060 3878 2391 3950 Agesipolis
2431 3902 2498 3936 ac

314 3946 448 4000 dein
488 3951 675 4001 minor
711 3948 1117 4004 Cleombrotus
1152 3952 1323 4021 cepit.
1360 3950 1519 4004 Plut.
1557 3950 1731 4020 Agid.
1772 3968 1820 4002 c.
1857 3950 1910 4004 3.

461 4052 523 4122 9)
562 4055 838 4109 Herodot.
875 4056 986 4122 vl,
1024 4056 1112 4109 57.
1151 4055 1424 4128 Xenoph.
1463 4057 1538 4110 de
1573 4076 1616 4109 r.
1657 4074 1715 4127 p.
1753 4054 1822 4108 Ῐι.
1859 4054 2012 4108 ΧΙΙῙ
2049 4052 2224 4125 (XV)
2274 4060 2324 4114 2
2354 4059 2491 4133 ibiq.

310 4125 487 4180 Hans.
520 4147 575 4199 p.
613 4129 737 4184 250.
773 4125 925 4183 Add.
963 4129 1140 4182 Arist.
1180 4128 1353 4181 Polit.
1377 4130 1497 4197 111,
1535 4130 1589 4195 9,
1634 4132 1685 4182 2.

462 4230 557 4302 lo)
599 4202 931 4322 Thuaeffd31,
961 4229 1048 4303 20,
1088 4237 1186 4305 qui
1225 4232 1561 4308 obloquitur
1595 4233 1822 4305 vulgari
1862 4237 2123 4312 opinioni
2162 4235 2236 4288 de
2275 4236 2499 4291 duobus

263 4303 919 4447 ”zeffizmulssallsstgffisslt
943 4324 1057 4379 qua
1089 4306 1446 4361 Herodotum
1487 4325 1718 4381 quoquc
1755 4306 1900 4379 (VI,
1921 4306 2024 4378 57>
2063 4305 2245 4367 fuisse
2287 4320 2499 4369 temere
