3067 4975
739 347 806 420 7.
858 346 979 418 De
1026 340 1460 417 oeconomia
1508 340 1640 415 rei
1665 309 2053 442 public-cie.
2271 365 2278 384 Χ
2342 341 2491 415 319
2535 335 2542 338 ’

319 533 425 603 ris
475 551 792 601 annuam
849 511 1204 599 summam
1233 521 1509 598 nnllam
1539 550 1635 599 ne
1668 519 2165 623 probabiliter
2190 520 2491 624 quidem

321 624 616 700 deliniri
666 650 897 722 posse
948 625 1299 720 apparet:
1377 647 1531 695 non
1608 627 1962 719 exiguam
2022 618 2259 694 fnisse
2308 625 2491 706 satis

315 720 792 796 manifestum
871 722 1029 807 est,
1118 742 1344 816 quum
1395 720 1711 818 propter
1759 722 2169 816 litigiosum
2229 717 2494 816 populi

313 821 701 916 ingenium
753 820 1518 917 commerciorumque
1557 814 2076 917 frequentiam,
2126 816 2281 887 tum
2312 840 2492 913 pro-

313 921 608 1014 pterea,
660 913 863 1015 quod
920 910 1326 1013 aliqnando
1383 916 1605 986 etiam
1657 910 2235 988 sociornmlites
2258 910 2489 988 Athe-

315 1038 455 1085 nas
504 1018 814 1087 evocari
863 1008 1217 1088 solebant
1239 1008 1333 1108 4).

1158 1229 1226 1307 ς.
1275 1197 1674 1286 LXXVII.

512 1345 879 1436 Quintum
929 1340 1251 1446 denique
1279 1361 1526 1441 genus
1561 1341 1980 1434 redItnnm,
2006 1339 2236 1445 idque
2264 1367 2491 1415 unum

317 1445 592 1520 ceteris
670 1441 1017 1516 omnibus
1095 1441 1326 1541 longe
1397 1446 1672 1534 maius,
1764 1445 2142 1514 sociorum
2207 1440 2493 1513 tributa

320 1543 583 1634 (φόροι)
637 1543 879 1632 erant,
956 1565 1277 1641 qnorum
1329 1542 1725 1636 originem,
1786 1564 2090 1641 quoque
2137 1534 2366 1610 modo
2415 1541 2493 1609 in

238 1710 249 1720 ,
317 1636 884 1711 Atheniensium
933 1641 1393 1736 potestatem
1445 1638 1808 1729 venerint,
1860 1634 2009 1708 alio
2065 1635 2239 1708 loco
2287 1633 2494 1710 vide·-

320 1732 589 1808 bimuS.
689 1737 959 1807 Annua
1029 1760 1290 1807 eorum
1353 1758 1638 1806 summa
1687 1731 2006 1807 Periclis
2056 1733 2305 1807 aetate
2357 1735 2499 1804 cir·-

323 1834 511 1905 citer
573 1833 716 1908 Dc
788 1833 1092 1905 talentis
1124 1835 1224 1927 ¹),
1301 1839 1608 1930 postea,
1686 1826 2103 1903 Alcibiadis
2176 1827 2494 1903 consilio

325 1936 572 2020 aucta,
623 1932 845 2003 Mcc
915 1932 992 2004 et
1042 1927 1357 2027 amplius
1408 1924 1810 2001 constabat
1838 1929 1924 2022 ²),
2001 1924 2243 2000 donec
2294 1928 2500 1999 circa

324 2024 424 2099 ol.
475 2027 687 2116 XCI,
752 2030 804 2101 2
871 2025 1319 2101 tributorum
1386 2024 1563 2099 loco
1621 2029 2043 2124 portorium
2092 2028 2161 2098 vi
2222 2026 2498 2098 esimae

321 2125 402 2194 in
452 2127 832 2196 sociorum
885 2122 1256 2223 portubus
1306 2127 1621 2220 exigere
1670 2122 1954 2221 placuit
1978 2123 2074 2219 ³).
2209 2148 2303 2195 oc
2322 2145 2505 2219 per-·

320 2225 687 2316 mansisse
737 2220 1029 2294 videtur
1077 2247 1316 2323 nsque
1367 2222 1464 2294 ad
1514 2218 1736 2294 finem
1785 2218 1965 2294 belli
2014 2217 2496 2317 Peloponne-

328 2318 537 2411 siaci,
590 2343 742 2420 quo
795 2316 1025 2410 bello,
1077 2322 1398 2391 maxime
1446 2324 1629 2415 post
1677 2316 1965 2391 cladem
1995 2315 2497 2408 Siciliensem,

326 2440 590 2489 omnes
638 2419 836 2489 intra
887 2415 1116 2492 breve
1164 2421 1454 2516 tempus
1507 2418 1696 2488 socii
1748 2413 2222 2506 defecerunt,
2293 2416 2501 2488 victi-

277 2539 475 2615 =que
545 2511 643 2613 ad
707 2513 1277 2613 Hellespontum
1341 2512 1842 2587 Athenienses
1907 2515 2137 2586 maris
2187 2515 2499 2609 imperio

326 2610 548 2709 plane
619 2609 1093 2685 exciderunt.
1189 2614 1767 2710 Recuperarunt
1816 2618 2063 2683 tamen
2168 2610 2500 2683 aullatim

326 2710 653 2781 veterem
705 2708 1312 2801 dominationem,
1364 2713 1686 2782 maxime
1713 2634 2501 2807 postproeliumJCni-

272 2820 281 2827 ‘
328 2803 555 2898 dium,
606 2809 1228 2906 retinueruntque
1278 2832 1519 2905 usque
1572 2803 1665 2878 ad
1715 2832 1977 2904 pacem
2026 2802 2500 2881 Antalcidae:

325 2906 746 3001 iterumque
808 2908 1156 2978 amissam
1221 2929 1403 2976 mox
1465 2930 1734 2976 rursus
1802 2906 2121 3000 egregia
2172 2925 2499 2973 summo-

327 3025 491 3073 rum
542 3003 1080 3098 imperatorum
1126 3005 1400 3075 virtute
1436 3006 1914 3098 repararunt,
1963 2998 2209 3072 donec
2237 2995 2510 3072 sociali.

265 3305 268 3307 ’
330 3297 436 3350 201
472 3315 593 3368 sqq.
634 3294 789 3349 Add.
835 3294 1222 3369 Theophrasti
1269 3296 1380 3354 loc.
1416 3316 1505 3370 ap.
1545 3292 1780 3350 Stobae.
1818 3296 1878 3348 11
1911 3315 1969 3368 p.
2002 3293 2109 3350 2⁰1
2148 3293 2355 3365 Galsa,
2400 3298 2499 3368 qui
2566 3323 2572 3329 ·

327 3367 444 3422 huo
477 3370 783 3439 pertinere,
801 3367 1049 3423 videtur.

470 3472 536 3544 3)
576 3475 711 3545 Lys.
750 3477 812 3528 in
847 3475 1186 3530 Nicomach.
1222 3497 1278 3548 p.
1316 3477 1441 3532 861.
1515 3477 1656 3530 Non
1694 3473 1976 3527 absimilia
2009 3480 2148 3528 sunt
2182 3471 2335 3546 apud
2367 3474 2503 3527 Ari-

329 3544 669 3618 stophanem
692 3548 924 3619 -Equitn
962 3566 1015 3602 ν.
1057 3550 1214 3604 1371.
1289 3548 1379 3603 cf.
1420 3556 1478 3601 et
1512 3550 1752 3601 Aristot.
1791 3546 1967 3603 Polit.
1999 3544 2081 3614 V,
2116 3547 2170 3610 4,
2205 3549 2261 3599 3.

327 3724 398 3779 31
456 3652 530 3779 243
578 3651 840 3725 Xenoph.
889 3653 962 3707 de
1015 3674 1063 3711 r.
1113 3674 1169 3725 p.
1205 3655 1341 3709 Ath.
1387 3675 1438 3710 c.
1485 3656 1536 3725 1,
1576 3655 1666 3709 16.
1740 3654 1829 3710 ef.
1864 3653 2016 3707 infra
2049 3655 2116 3708 P.
2153 3652 2246 3704 vl
2282 3669 2335 3705 ο.
2370 3651 2404 3709 2
2440 3646 2496 3722 §-

402 3760 419 3792 2
530 3762 544 3778 ·
2167 3764 2174 3771 .

332 3902 371 3961 Ι
471 3831 839 3960 123οΤ11ιιογᾶ.
871 3834 916 3902 1,
962 3832 1052 3887 96.
1086 3834 1162 3900 Π,
1205 3834 1290 3889 13.
1360 3832 1655 3891 Plutarch.
1691 3831 1927 3892 Aristid.
1976 3851 2040 3886 c.⁴
2072 3831 2162 3886 24.
2232 3829 2496 3884 Boeckli.

398 3922 451 3975 P·
597 3943 612 3958 ·
2601 3934 2605 3939 ’

473 4010 529 4077 2)
585 4011 807 4066 Audoc,
855 4014 918 4065 in
963 4010 1151 4066 Alcib.
1198 4031 1255 4085 p.
1305 4011 1425 4067 116.
1473 4013 1545 4066 (le
1598 4032 1738 4085 pace
1782 4033 1840 4086 p⁴
1875 4012 1968 4067 93.
2032 4009 2308 4066 Aeschiu.
2344 4010 2416 4064 de
2450 4010 2494 4065 f.

332 4078 447 4150 leg.
484 4102 540 4154 p.
578 4085 700 4138 337.
770 4082 924 4137 Plut.
963 4086 1142 4137 Arist.
1179 4103 1228 4137 c.
1268 4086 1356 4141 24.
1431 4085 1685 4140 Boeckh.
1723 4105 1780 4158 p.
1817 4086 1939 4139 431.

476 4187 541 4256 3)
599 4190 861 4261 Thueya.
899 4190 1032 4258 vn,
1070 4190 1158 4244 28.
1230 4191 1485 4246 Boeckh.
1535 4212 1588 4263 p.
1633 4193 1755 4261 349,
1812 4191 1912 4245 ubi
1959 4193 2128 4245 etiam
2163 4178 2249 4243 'de
2285 4186 2491 4242 horum

330 4259 790 4334 redemptoribus
828 4261 1215 4335 (εἶκοσωλόγοις)
1260 4272 1319 4319 et
1354 4264 1426 4318 de
1469 4268 1727 4336 portorio
1764 4264 2038 4319 decumae
2076 4261 2228 4335 apud
2259 4262 2492 4332 Byzan-

340 4335 487 4388 tium
525 4341 729 4388 exacto
768 4338 1088 4407 exponitur.
