3067 4975
632 356 690 428 I
702 355 779 427 V.
837 362 901 428 1.
948 351 1068 424 De
1118 353 1693 452 Spartanorum
1741 374 1832 423 re
1865 348 2202 450 publica.
2354 347 2499 423 133

670 570 678 583 ’
1058 590 1065 601 ’
1269 575 1336 652 §.
1387 568 1562 642 XV.

312 780 321 787 ,
452 786 460 797 ‚
515 700 579 781 S
636 688 953 779 octabas
1011 700 1257 774 autem
1330 704 1572 777 omnis
1647 698 2205 799 Spartanorum
2272 697 2492 773 disci-

314 795 525 896 plina
578 727 724 879 {loc
772 790 1157 896 imprimis,
1210 800 1292 870 ut
1341 801 1661 873 maxime
1710 823 1937 871 unum
1988 800 2066 870 et
2111 800 2329 896 ,quasi
2376 800 2491 870 in-

312 890 697 989 dividuum
760 920 1039 992 corpus
1103 897 1305 968 esset
1369 898 1726 986 civitatiS,
1785 897 2242 994 remotisque
2296 918 2490 993 quae

316 988 749 1089 abalienare
800 995 1160 1067 civium·a
1207 988 1494 1089 civibus
1548 994 1834 1089 animos
1893 992 2234 1091 possent,
2310 1016 2489 1063 con-

316 1091 585 1163 sociati
652 1114 912 1183 omnes
976 1092 1174 1162 inter
1233 1116 1317 1162 se
1384 1114 1678 1161 morum
1741 1093 1817 1160 et
1886 1087 2305 1162 studiorum
2385 1091 2486 1160 si-

312 1178 757 1284 militudine?
809 1189 1059 1259 totos·
1089 1212 1174 1259 se
1237 1189 1347 1260 rei
1395 1183 1742 1285 publicae
1796 1182 2085 1262 darent.
2177 1187 2486 1286 ‚ltaque

314 1285 396 1356 et
465 1279 675 1379 lucri-
778 1280 1005 1379 rivati
1060 1282 1539 1382 cupiditatem
1616 1291 1690 1355 et
1752 1280 2126 1354 luxuriam
2202 1287 2280 1355 et
2355 1308 2484 1355 va-

308 1374 620 1467 nitatem
667 1383 975 1478 .aiaque
1034 1382 1245 1472 vitia,
1314 1406 1507 1480 quae
1577 1376 2104 1452 dissolvendae
2166 1381 2279 1452 rei
2394 1406 2479 1451 u-

307 1470 561 1573 blicae
609 1483 803 1573 sunt,
855 1479 1057 1548 omni
1109 1475 1332 1553 modo
1386 1473 1774 1564 arcebant,
1821 1473 2163 1548 honestis
2214 1480 2337 1550 stu
2387 1479 2484 1569 iis

313 1570 414 1647 ab
474 1577 683 1649 'omni
732 1571 1205 1670 ‚turpitudine
1273 1575 1350 1647 et
1411 1575 1783 1672 pravitate
1861 1574 2124 1646 civium
2195 1576 2484 1667 animos

313 1671 604 1771 mature
656 1664 1106 1764 avocabant,
1154 1674 1447 1769 patriae
1501 1673 1836 1761 caritati,
1900 1668 2151 1768 legum
2202 1677 2277 1742 et
2322 1696 2479 1743 ma-

309 1770 770 1866 gistratuum
817 1773 1290 1842 reverentiae
1343 1765 1973 1857 assuefaciehant,
2023 1770 2245 1841 animi
2308 1792 2479 1843 cor-

306 1868 670 1964 porisque
731 1868 929 1937 vires
989 1863 1290 1938 assidue
1331 1861 1771 1941 ‚exercendo
1824 1860 2168 1957 alebant,
2236 1863 2480 1938 bonos

309 1962 628 2063 denique
690 1965 893 2034 civeis
956 1965 1308 2062 virosque
1378 1961 1620 2035 fortes
1685 1966 1761 2034 et
1823 1967 2177 2035 strenuos
2237 1959 2478 2035 insor-

303 2056 640 2155 mabant,
691 2063 816 2159 qui
867 2066 942 2131 et
990 2050 1212 2132 manu
1263 2065 1339 2132 et
1388 2056 1701 2133 consilio
1738 2056 1927 2130 foris
1964 2054 2312 2157 domique
2361 2061 2477 2132 iu-

302 2156 486 2231 'vare
537 2180 693 2227 rem
746 2153 1120 2253 publicam
1168 2159 1506 2255 possent.
1556 2196 1655 2212 -
1699 2156 1857 2231 Iam
1883 2158 2205 2252 primum
2235 2153 2479 2229 editos

309 2256 387 2326 in
437 2251 681 2326 lucem
727 2252 1053 2326 infantes
1114 2281 1267 2326 non
1330 2260 1723 2353 parentum
1777 2278 1906 2328 ma
1970 2255 2036 2323 is
2096 2278 2320 2351 qnam
2366 2256 2477 2325 rei

303 2346 653 2448 publicae
718 2375 888 2423 esse
956 2347 1336 2425 volebant.
1460 2352 1724 2451 Itaque
1777 2346 1892 2421 ‚de
1931 2351 2191 2422 erendi
2258 2351 2477 2442 eraut

308 2445 403 2519 ad
458 2451 803 2521 seniores
854 2474 896 2522 e
943 2447 1331 2546 gentilium
1384 2450 1515 2522 aut
1547 2444 1926 2520 tribulium
1959 2448 2296 2538 numero,
2348 2449 2476 2547 qui

308 2544 711 2644 explorato
765 2550 1111 2643 corporis
1160 2544 1415 2619 habitu
1460 2543 1989 2633 decernerent,
2038 2541 2297 2615 tolline
2338 2545 2475 2617 eos

305 2667 401 2713 au
454 2646 733 2739 exponi
785 2644 1178 2741 oporteret
1207 2646 1292 2734 ¹).
1395 2640 1696 2717 Sublati
1746 2640 1842 2713 ad
1894 2643 2283 2737 septimum
2345 2666 2471 2714 ae-

302 2740 485 2810 tatis
534 2765 807 2811 annum
858 2767 901 2811 a
948 2735 1313 2815 matribus
1367 2735 1938 2812 enutriebantur
1966 2740 2060 2834 2),
2116 2737 2285 2810 dein
2325 2735 2472 2826 xab·

305 2835 509 2908 ducti
563 2861 604 2908 e
656 2834 878 2908 domo
927 2838 1247 2932 paterna
1314 2836 1658 2935 publicae
1721 2832 2157 2933 disciplinae
2215 2833 2471 2908 trade-

297 2928 604 3005 bantur.
703 2932 1151 3005 Distributis
1202 2959 1250 3005 a
1294 2933 1770 3031 paedonomo
1834 2935 1910 3003 in
1974 2956 2261 3029 greges
2308 2933 2503 3022 tur-x

300 3055 612 3130 masque
664 3029 1010 3127 'puerulis
1039 3032 1104 3127 3)
1170 3032 1579 3128 praeerant
1627 3027 2147 3112 adolescentes
2173 3025 2285 3124 ²²),
2347 3031 2475 3128 qui

303 3126 379 3199 et
438 3125 661 3199 ludos
725 3152 982 3200 eorum
1047 3125 1658 3221 moderarentur,
1725 3132 1802 3230 et
1859 3125 2088 3218 varia
2127 3128 2474 3224 corporis

303 3366 375 3419 de
411 3384 477 3419 re
522 3365 679 3438 publ.
726 3367 757 3419 1
793 3387 841 3438 p.
893 3369 1018 3422 425.
1055 3370 1122 3422 Β.
1160 3370 1229 3422 C.
1302 3369 1615 3437 Diotogen.
1667 3388 1755 3440 ap.
1804 3367 2040 3422 Stobae·
2086 3387 2252 3427 serm.
2296 3372 2367 3426 41
2414 3390 2469 3445 p.

303 3440 430 3492 251.
500 3436 738 3508 Archyt.
776 3438 916 3492 ibid.
953 3460 1009 3511 p.
1050 3440 1177 3494 269.
1246 3438 1491 3511 Joseph.
1531 3449 1635 3494 ctr.
1673 3443 1881 3514 Apion.
1918 3442 1993 3510 11,
2030 3441 2117 3496 16.

387 3613 391 3618 ι
446 3539 510 3614 l)
547 3543 702 3597 Plut.
742 3546 988 3616 Lycurg.
1029 3567 1077 3600 ο.
1116 3547 1203 3602 16.
1276 3545 1452 3611 Quod
1488 3546 1582 3600 hic
1618 3548 1807 3601 addit:
1851 3552 2048 3622 τρέφειν
2087 3549 2311 3603 ἐκέλευον
2346 3552 2467 3619 κλῆ-

299 3632 398 3688 ρον
432 3615 572 3686 αὐτῷ’
601 3617 702 3669 τῶν
732 3619 1117 3687 ἐννακισχιλίων
1149 3621 1562 3692 προσνείμανπς,
1613 3619 1914 3692 quomodo·
1952 3621 2340 3692 accipiendum
2392 3626 2469 3677 sit

303 3685 723 3812 νὶᾶὲθΜέἒΠΞιΣ
760 3692 899 3741 Dor.
937 3692 997 3743 11
1042 3710 1099 3761 p.
1136 3692 1240 3744 194
1287 3700 1345 3743 et
1390 3692 1707 3745 Hermann.
1755 3691 1826 3744 de
1875 3693 2060 3744 causis
2105 3691 2255 3747 turb.
2301 3712 2464 3767 aequ.

297 3776 355 3827 p.
472 3799 479 3807 .
592 3796 606 3811 .
719 3797 734 3813 .

435 3862 499 3932 2)
536 3851 693 3918 Plut.
734 3863 771 3918 l.
807 3863 848 3918 l.
922 3867 1047 3920 Hos
1082 3867 1356 3940 parvulos
1403 3868 1659 3938 μιτύλλους
1697 3870 2002 3922 vocabant.
2036 3869 2288 3941 Hesych.
2325 3891 2371 3926 s.
2409 3893 2464 3929 v,

326 3975 331 3980 '
439 3966 505 4039 3)
540 3969 746 4043 Ἀγέλας
798 3977 854 4023 et
902 3972 1028 4030 ἴλας.
1112 3973 1256 4028 Illae
1307 3995 1394 4046 ap.
1443 3977 1637 4047 Spart.
1691 3975 1843 4046 βοῦαι
1896 3974 2257 4045 dicebantur,
2308 3981 2465 4036 unde

291 4037 522 4115 βουάγορ
558 4045 599 4095 i.
677 4079 692 4096 .
729 4042 1030 4126 α’γελάρχης.
1068 4045 1209 4102 vid.
1245 4047 1400 4100 Plut.
1440 4048 1581 4117 Lyc.
1621 4066 1669 4100 c.
1714 4049 1797 4101 16.
1832 4046 2102 4119 Xenopb.
2140 4069 2186 4104 r.
2210 4062 2265 4115 p.
2290 4053 2358 4106 1..
2382 4055 2461 4123 11,

298 4115 659 4239 ll.27}1esye
703 4151 718 4167 .
771 4115 1180 4190 et=Etym.,M.
1217 4136 1266 4170 s.
1301 4137 1359 4171 v.
1394 4117 1540 4187 βοῢα.
1611 4117 1821 4172 Valck.
1870 4118 1943 4172 ad
1989 4118 2239 4175 Theocr.
2272 4124 2463 4181 Adon.

294 4202 347 4255 p.
496 4221 513 4237 .

438 4286 504 4359 4)
545 4294 753 4366 Ε’ρῖνες
785 4311 830 4344 s.
869 4292 1039 4366 ἰρένες.
1111 4294 1269 4349 Plut.
1303 4295 1343 4348 1.
1380 4295 1424 4348 l.
1464 4316 1512 4349 c.
1553 4297 1637 4351 17.
1699 4296 1787 4350 Of.
1833 4300 1960 4350 intt.
2012 4299 2084 4352 ad
2129 4301 2381 4373 Hesycb.
2418 4323 2462 4358 s.

297 4384 346 4418 v.
390 4363 561 4437 Ῑρένκ.
637 4364 845 4418 Kuost.
885 4364 958 4417 ad
995 4365 1161 4419 said.
1200 4386 1248 4421 s.
1273 4387 1344 4422 ·v.
1377 4369 1532 4444 εἷρήν.
1604 4370 1818 4424 Meum.
1854 4371 2020 4424 Misc.
2053 4371 2185 4426 Lao.
2222 4376 2301 4439 11,
2335 4376 2389 4430 3.

2393 4623 2408 4658 q
