3067 4975
576 319 670 395 1⁰
850 309 857 312 i
1049 395 1056 407 .
1228 295 1236 303 '
1411 329 1924 406 Prooemium.

573 504 932 580 Ceterum
997 512 1353 608 quoniam·
1398 507 1814 589 “recentior
1873 514 2271 593 comoedia
2328 522 2407 593 in
2470 527 2765 620 privata

573 625 665 675 ac
726 600 1140 680 domestica
1191 613 1342 682 vita
1396 615 1747 687 consistit
1797 639 1937 687 nec
1985 641 2142 690 rem
2192 616 2573 715 publicam
2642 628 2759 696 at-

570 702 872 799 tingere
923 702 1145 794 solet,
1210 711 1522 781 minoris
1573 715 1692 783 est
1740 708 1842 783 ad
1902 715 2387 812 antiquitates
2449 721 2757 792 nostras

569 822 791 897 quam
842 803 1056 873 vetus
1104 802 1236 876 illa
1285 811 1668 880 momenti.
1764 810 1939 882 Jam
1991 836 2169 884 vero
2220 812 2319 886 ad
2366 816 2483 886 ius
2533 814 2758 889 Athe-

567 898 940 969 niensium
997 902 1073 971 et
1125 926 1280 975 rem
1332 902 1803 978 iudiciariam
1832 907 2446 1004 cognoscendam
2477 910 2756 986 nullum

564 995 1021 1092 scriptorum
1068 1023 1316 1096 genus
1367 997 1678 1074 uberius
1730 1007 1848 1077 est
1900 1029 2118 1104 quam
2170 1007 2561 1100 oratoreS,
2627 1035 2753 1083 ve-

564 1097 770 1209 teres
822 1091 928 1164 illi
982 1092 1078 1168 ab
1133 1097 1592 1197 Antiphonte
1642 1126 1884 1202 usque
1934 1100 2030 1173 ad
2086 1102 2571 1196 Dinarchum,
2627 1110 2752 1206 qui

561 1212 642 1261 ιιι
693 1193 1012 1265 comitiis
1064 1219 1154 1266 ac
1203 1192 1380 1269 soro
1433 1198 1566 1268 aut
1615 1195 1708 1272 de
1778 1194 2012 1271 rebus
2073 1196 2397 1296 publicis
2458 1210 2589 1274 aut
2658 1201 2752 1276 de

563 1291 815 1360 causis
866 1296 1334 1387 privatorum
1386 1293 1742 1367 dixerunt
1768 1297 1887 1387 ¹9).
1985 1297 2181 1369 Nam
2241 1304 2750 1372 recentiorum

560 1381 950 1459 rhetorum
1024 1393 1282 1487 potius
1359 1417 1581 1491 quam
1659 1397 2100 1486 oratorum,
2192 1397 2485 1467 etiamsi
2560 1422 2750 1468 uou-

558 1506 934 1582 nuuquam
1001 1495 1451 1587 argumenta
1515 1494 1851 1563 tractant
1918 1515 2018 1564 ex
2097 1498 2383 1564 vetere·
2430 1491 2750 1566 historia

558 1575 995 1682 desumpta,
1069 1584 1304 1685 longe
1375 1588 1620 1659 tamen
1684 1589 1930 1660 minor
1997 1592 2416 1661 auctoritas
2480 1595 2558 1662 et
2620 1615 2746 1663 ra-

557 1680 719 1750 rior
780 1705 962 1753 usus
1030 1686 1171 1758 est.
1286 1685 1605 1758 Cautius
1669 1685 1894 1757 etiam
1955 1683 2332 1782 agendum
2403 1693 2522 1759 est
2582 1711 2748 1759 cum

555 1777 743 1849 artis
813 1785 1200 1855 oratoriae
1268 1785 1699 1880 magistris,
1770 1784 1898 1880 qui
1963 1783 2356 1855 causarum
2420 1793 2551 1858 aut
2610 1809 2745 1882 pu-

553 1866 923 1948 blicarum
1025 1880 1158 1951 aut
1255 1882 1717 1977 privatarum
1833 1878 2184 1978 exempla
2280 1892 2745 1978 proponunt,

550 1965 731 2045 ficta
766 1972 1214 2076 ‘plerumque
1266 2003 1432 2049 cum
1485 1974 1788 2076 legibus
1817 1978 1994 2049 item
2018 1977 2237 2066 lictis,
2291 2002 2483 2077 quae
2521 2003 2745 2077 quum

549 2093 696 2166 pro
760 2075 962 2145 veris
1028 2072 1524 2169 haberentur,
1600 2077 2044 2172 insignium.
2088 2101 2319 2173 saepe
2398 2099 2742 2149 errorum

549 2190 829 2242 causae
880 2169 1189 2246 suerunt
1212 2175 1339 2267 2⁰).
1391 2215 1488 2231 —-
1538 2174 1944 2245 Postremo
1996 2170 2169 2245 loco
2220 2175 2274 2244 ii
2325 2176 2741 2271 scriptores

494 2269 1183 2343 xcommemorandi
1234 2279 1450 2365 sunt,
1571 2273 1647 2342 ui
1696 2275 2096 2369 postquam
2149 2273 2365 2342 vetus
2418 2268 2740 2342 Graecia

545 2357 901 2439 defloruit
969 2374 1047 2443 in
1123 2369 1421 2443 erudita
1569 2393 1840 2441 raecae
1914 2370 2377 2468 antiquitatis
2467 2370 2736 2465 cogni-

539 2462 746 2537 tione
799 2493 900 2540 ex
949 2469 1275 2542 vetustis
1341 2469 1840 2544 monumentis
1908 2462 2322 2540 haurienda
2382 2462 2736 2538 elabora-

538 2567 741 2633 runt.
843 2562 927 2638 ld
979 2562 1896 2659 studium,'Alexandriae
1948 2567 2352 2662 praecipue
2402 2558 2746 2641 celebra-v

538 2655 721 2751 tum,
746 2660 1111 2761 plurimos
1136 2663 1459 2762 protulit
1488 2666 1867 2737 variarum
1907 2663 2435 2760 antiquitatum
2461 2656 2736 2733 libros:

538 2783 682 2831 nos
751 2787 978 2835 uuum
1041 2760 1405 2837 habemus
1466 2760 1976 2853 Athenaeum,
2048 2761 2173 2859 qui
2237 2755 2414 2833 licet
2461 2761 2536 2828 in
2591 2761 2738 2829 sin-

539 2854 792 2955 gulari
841 2885 1130 2957 genere
1182 2867 1530 2935 versetur
1584 2856 1816 2930 multa
1864 2865 2113 2929 tamen
2173 2860 2454 2953 passim
2510 2852 2738 2927 admi-

539 2958 732 3029 scuit
773 2958 995 3031 uobis
1037 2984 1334 3061 quoque
1366 2954 1770 3031 admodum
1808 2952 2042 3031 utilia.
2136 2954 2301 3035 Nec
2336 2955 2729 3026 Aelianum

537 3058 1253 3150 praetermittemuS,
1303 3058 1565 3129 variae
1616 3051 1979 3126 historiae
2009 3050 2602 3148 compilatorem,
2652 3053 2732 3121 in

539 3174 689 3249 qua
743 3155 972 3227 multa
1024 3154 1323 3255 quidem
1377 3152 1780 3243 levissima,
1831 3146 2192 3221 nonnulla
2241 3150 2491 3220 tamen
2544 3150 2734 3218 satis

535 3247 790 3325 bonae
840 3251 1112 3350 frugis.
1172 3260 1187 3269 ‘
1219 3246 1634 3324 Plurimum
1686 3247 1936 3320 autem
1988 3243 2350 3317 debemus
2400 3243 2731 3316 scholio-

528 3372 699 3422 rum
752 3352 830 3424 et
877 3348 1292 3426 lexicorum
1345 3343 1873 3446 scriptoribus,
1927 3367 2244 3443 quorum
2295 3341 2400 3414 illi
2453 3365 2555 3413 ex
2609 3369 2731 3414 ντε-

533 3446 780 3522 terum
824 3452 1493 3546 grammaticorum
1560 3443 2114 3517 commentariis
2182 3440 2734 3536 excerpserunt

537 3570 732 3644 quae
761 3546 856 3620 ad
884 3571 980 3619 ex
1039 3543 1382 3618 licandos
1406 3545 1828 3639 scriptores
1854 3541 2208 3637 antiquos
2240 3541 2729 3634 pertinerent,

533 3642 607 3715 hi
659 3647 908 3718 autem
962 3573 1054 3715 «fe
1107 3639 1337 3716 rebus
1387 3644 1573 3714 varii
1622 3639 1959 3736 generis),
2009 3638 2559 3733 grammaticis,
2626 3632 2731 3705 hi-

532 3744 861 3836 storicis,
913 3742 1384 3840 antiquariis,
1436 3736 1850 3811 secundum
1920 3755 2173 3805 rerum
2239 3738 2369 3803 aut
2434 3730 2723 3812 littera-

535 3863 698 3912 rum
752 3840 1093 3914 ordinem
1163 3840 1730 3936 exposuerunt,
1801 3829 2062 3932 quales
2127 3837 2305 3902 sunt
2367 3832 2725 3927 imprimis

671 4119 767 4186 19)
805 4124 874 4173 A.
916 4121 1356 4187 Westermann,
1398 4113 1745 4169 Geschichte
1792 4112 1895 4165 der
1942 4109 2336 4181 griechischen
2385 4107 2721 4162 Beredsam-

520 4195 658 4248 keit.
732 4194 926 4265 Leipz.
964 4192 1121 4246 1833·
1158 4192 1211 4246 8.

657 4299 760 4369 20)
801 4302 994 4355 Petito
1037 4302 1097 4353 in
1137 4300 1311 4369 Legg.
1351 4299 1490 4364 Au,
1532 4301 1588 4348 et
1627 4295 1808 4362 magis
1847 4292 2021 4345 etiam
2057 4290 2317 4343 Mem-sio
2355 4290 2414 4341 in
2440 4286 2721 4341 Themide

516 4379 727 4433 Attica.
828 4382 835 4389 ‘
