3067 4975
631 332 730 406 46
1076 337 1135 412 I
1125 336 1184 413 I
1177 387 1196 406 .
1271 337 1390 412 De
1445 334 1928 411 Graecorum
1973 336 2367 440 stirpibus.

630 512 791 590 Sed
862 518 928 589 si
988 514 1614 615 probabilitatem
1665 522 2076 619 sequimur,
2131 521 2289 595 tres
2339 521 2815 621 potissimum

629 613 959 687 discerni
1037 641 1265 714 posse
1341 615 1689 688 videntur
1767 617 2094 691 maiores
2178 644 2314 716 per
2380 619 2663 718 pleram
2720 647 2817 696 ue

630 714 1026 793 Graeciam
1081 712 1603 810 migrationeS,
1655 738 1974 831 guarum
2022 718 2267 883 prima
2332 720 2624 790 initium
2669 646 2812 791 za-

631 811 791 884 buit
840 836 887 881 a
925 807 1200 882 diluvio
1237 809 1741 883 Deucalionno
1795 814 1874 883 et
1920 811 2035 884 He
2071 810 2355 888 lenicae
2406 816 2662 910 gentis
2710 840 2815 889 ex

625 907 690 979 E
750 908 865 978 iro
993 932 1077 979 er
1137 909 1675 996 Acarnaniam,
1750 906 2126 982 Aetoliam
2238 908 2656 985 Phocidem
2731 916 2814 986 in

627 932 1109 1076 Thessaliam
1160 1006 1515 1102 ingressu
1543 1007 1655 1100 ³),
1708 1001 1951 1078 altera
2000 961 2541 1082 a'l'liessalise
2571 1008 2817 1083 Thes-

682 1105 876 1174 rotia
925 1105 1104 1173 item
1156 1105 1233 1174 in
1286 1101 1761 1175 Thessaliam
1812 1103 2405 1201 inrumpentibus
2429 1103 2538 1198 ⁴),
2588 1109 2816 1180 tertia

622 1127 797 1274 huic
845 1223 1091 1298 prope
1155 1201 1561 1274 coniuncta
1627 1224 1673 1271 a
1739 1200 2222 1275 Doriensium
2281 1205 2358 1275 in
2424 1201 2816 1301 Pelopon-

623 1321 885 1370 nesum
919 1292 1440 1393 profectione.
1545 1292 2109 1371 Obscurissima
2159 1303 2409 1373 autem
2463 1301 2540 1374 et
2606 1305 2813 1375 cete-

620 1397 732 1470 ris
782 1390 1210 1467 fabulosior
1259 1396 1379 1468 est
1428 1396 1714 1492 primae
1762 1391 1966 1468 illius
2015 1398 2493 1494 migrationis
2525 1421 2810 1471 memo-

620 1494 770 1565 ria:
822 1493 966 1563 nisi
998 1493 1251 1564 tamen
1280 1516 1504 1593 quum
1532 1493 1795 1565 lonum
1835 1499 1910 1565 et
1930 1490 2407 1568 Achaeorum
2448 1497 2522 1568 in
2550 1498 2809 1568 Attica.

623 1593 701 1665 et
747 1588 1288 1687 Peloponneso
1341 1586 1836 1661 habitantium
1902 1592 2246 1687 origines
2310 1618 2358 1664 a
2421 1585 2810 1692 plerisque

622 1712 667 1762 e
694 1684 1100 1760 Thessalia
1141 1687 1388 1784 repeti
1428 1689 1505 1759 et
1544 1685 1638 1758 ad
1679 1683 2038 1760 Hellenos
2073 1685 2347 1762 referri
2390 1688 2689 1762 soleant
2715 1692 2811 1788 ⁵),

620 1780 1022 1954 plrobabge
1085 1781 1385 1902 videtur
1453 1781 1778 1952 alllql'mm
1829 1782 2253 1953 Hellenuni)
2277 1790 2808 1955 migrationem

618 1906 921 2052 2332?
951 1905 1327 2082 ..ζέῗῗιῗῑ
1354 1887 2300 2075 ’Χώζὲὲῖῗᾊῑῖἕὲιέἓωῗ
2336 1909 2811 2054 ῗῗέἐὲῖιῖἰὲἒ

622 2078 701 2150 et
756 2077 1220 2149 Messeniam
1284 2072 1622 2150 advenae
1690 2077 2169 2176 occuparint,
2249 2080 2483 2175 prisci
2552 2083 2805 2152 autem

617 2283 679 2348 la
714 2280 1089 2352 chronologis
1125 2280 1529 2351 d'Herodote)
1565 2281 1733 2346 Paris
1749 2283 1891 2338 1802
1935 2282 1991 2339 8.
2034 2282 2546 2339 Raoul-Roehette
2570 2284 2811 2342 histoire

618 2359 862 2429 critique
920 2355 995 2408 de
1037 2352 1513 2409 l’etablissement
1570 2355 1672 2408 des
1733 2354 1988 2409 colonias
2034 2374 2331 2428 grecques.
2378 2357 2468 2411 ed.
2516 2360 2567 2412 2.
2641 2361 2807 2412 Paris

620 2431 777 2485 1822.
813 2428 922 2490 ΙΙΙ,
958 2427 1009 2481 8.
1083 2427 1147 2481 C.
1188 2429 1258 2480 Β.
1296 2426 1483 2495 Beck,
1529 2426 1746 2482 Anleit.
1792 2446 1900 2481 zur
1945 2446 2079 2498 gen.
2116 2428 2439 2483 Kenntniss
2486 2427 2588 2483 der
2625 2429 2807 2501 allge-

615 2506 847 2557 meinen
882 2498 1098 2553 wele·
1151 2499 1272 2553 und
1307 2499 1869 2570 Vtiliter-geschichte
1914 2501 1975 2568 1,
2025 2503 2076 2557 1.
2126 2500 2217 2554 ed.
2265 2503 2320 2556 2.
2356 2502 2510 2575 Lips.
2557 2502 2709 2557 1803.
2746 2505 2803 2559 8.

615 2577 694 2630 Η.
734 2575 808 2626 G.
841 2571 1029 2640 Plass,
1066 2572 1237 2653 Ἶρι·-
1268 2570 1392 2624 und
1429 2571 1847 2642 Urgeschichte
1883 2572 1988 2627 der
2021 2570 2329 2633 Hellenen.
2376 2574 2533 2647 Lips.
2553 2576 2711 2632 1831.
2747 2575 2805 2631 8.

758 2678 822 2749 a)
856 2677 1000 2732 via.
1040 2677 1095 2747 ς.
1132 2679 1240 2732 1v.
1279 2679 1333 2736 2.

754 2785 817 2854 4)
859 2785 953 2840 Cf.
987 2777 1265 2839 Herodot.
1300 2786 1459 2855 vn,
1508 2786 1630 2842 176.
1684 2784 1903 2842 Vellei.
1940 2784 2169 2841 Patere.
2205 2789 2265 2858 1,
2312 2787 2368 2845 3.
2430 2785 2683 2844 clavier.
2720 2789 2842 2856 11,x

512 2906 517 2913 .
617 2859 739 2916 164.
773 2857 1042 2912 Mueller.
1081 2857 1353 2913 Orchem.
1391 2878 1448 2933 p.
1481 2859 1608 2914 377.

738 2964 800 3035 ὅ)
838 2965 981 3021 vid.
1016 2965 1164 3020 loce.
1202 2986 1291 3038 ap.
1338 2968 1562 3023 Menrs.
1595 2984 1757 3035 regu.
1792 2968 1912 3021 Ate.
1949 2966 2027 3031 11,
2063 2964 2117 3021 8.
2175 2965 2359 3019 noete.
2399 2966 2521 3020 Att·
2561 2968 2675 3036 vt,
2710 2969 2806 3025 21.

615 3036 869 3093 Clavier.
904 3038 976 3091 ad
1012 3038 1284 3111 Apollod.
1323 3040 1380 3092 11
1418 3059 1475 3116 p.
1512 3039 1595 3093 87.
1638 3038 1817 3092 Beck.
1856 3058 1910 3110 p.
1949 3037 2073 3092 828.
2111 3037 2235 3092 830.
2272 3039 2483 3091 Mauso
2522 3040 2715 3113 Spart.
2746 3039 2802 3106 l,

610 3110 651 3165 2
685 3130 742 3183 p.
778 3112 868 3165 52.
905 3141 972 3154 -
1012 3111 1191 3175 Quod
1239 3110 1312 3163 ad
1349 3112 1523 3164 lones
1562 3113 1784 3178 attinet,
1831 3107 1893 3162 bi
1930 3107 2083 3162 haud
2130 3108 2305 3163 dubie
2350 3109 2545 3164 multis
2589 3113 2651 3164 in
2688 3113 2804 3165 Pe-

611 3181 937 3254 loponneso
972 3181 1118 3237 locis
1153 3185 1307 3236 inter
1339 3181 1607 3237 Achaeos
1640 3184 1822 3248 mixti,
1856 3199 2222 3255 nequaqnam
2255 3199 2401 3236 vero
2434 3184 2496 3235 in
2533 3181 2663 3237 sola
2681 3186 2802 3237 Ae·

613 3254 802 3321 gialea
836 3253 1186 3309 habitarunt.
1236 3254 1304 3306 ld
1342 3253 1439 3307 vel
1463 3252 1632 3308 Ἰάσου
1653 3251 1867 3329 ’Ἄργους
1892 3271 2106 3306 nomen
2142 3253 2450 3307 ostendere
2483 3256 2686 3327 possit,
2722 3255 2802 3309 de
2847 3307 2858 3319 ,

655 3343 731 3377 uo
783 3325 856 3379 cf.
904 3325 1098 3380 Sti-ab.
1135 3327 1289 3380 vm
1332 3346 1385 3399 p.
1420 3326 1529 3381 369
1567 3333 1708 3379 extr.
1756 3324 2041 3380 Hellanie.
2080 3343 2166 3396 ap.
2201 3323 2463 3379 Eustath.
2508 3325 2583 3379 ad
2628 3326 2803 3382 Iliad.

610 3343 721 3466 111,
754 3399 841 3452 75.
889 3396 1090 3451 Schol.
1141 3397 1354 3469 odyss.
1403 3398 1643 3465 XVIII,
1686 3398 1814 3452 246.
1889 3399 2432 3452 commemorantur
2476 3403 2666 3451 autem
2701 3397 2803 3451 Io-

610 3486 718 3523 nes
754 3471 815 3523 in
856 3468 1080 3542 aliquot
1113 3470 1407 3537 Argolidis
1440 3469 1718 3541 partibus,
1753 3468 2080 3541 Epidauro,
2114 3469 2457 3536 Hermione,
2493 3468 2803 3525 Troezene

613 3550 677 3597 et
708 3545 769 3596 in
809 3543 1071 3612 Cynuria
1103 3542 1358 3609 regione.
1395 3541 1591 3595 Strab.
1632 3542 1777 3596 Vm
1810 3562 1868 3613 p.
1893 3542 2019 3596 874.
2064 3541 2316 3594 Pausan.
2352 3542 2427 3609 11,
2457 3540 2546 3607 26,
2583 3543 2634 3596 2.
2677 3541 2817 3594 Ηο-“

611 3614 737 3669 rod.
762 3615 931 3680 Vm,
970 3612 1056 3667 73.
1094 3611 1367 3667 Mueller.
1403 3614 1548 3666 Dor.
1587 3614 1636 3681 l,
1670 3613 1743 3668 81
1783 3623 1842 3667 et
1876 3613 2001 3668 228.
2040 3611 2396 3686 eandemque
2429 3611 2801 3671 Achaeorum

615 3694 674 3740 et
719 3689 924 3741 Ionum
979 3683 1238 3754 linguam
1278 3684 1459 3738 fuisse
1510 3695 1710 3740 censet
1741 3688 1992 3740 Pausan.
2026 3684 2101 3750 11,
2142 3685 2233 3752 37,
2268 3685 2320 3740 3.
2390 3685 2575 3738 Porro
2620 3685 2801 3739 lones

610 3765 777 3813 erant
803 3760 866 3811 in
901 3756 1203 3813 Corinthio
1242 3775 1399 3826 agro,
1431 3758 1492 3810 in
1525 3765 1690 3828 parte
1722 3756 2004 3811 Arcadiae
2035 3763 2094 3809 et
2112 3757 2459 3824 Messeniae,
2494 3758 2555 3810 in
2579 3757 2797 3826 Attica,

608 3834 676 3886 iu
718 3838 880 3902 parte
913 3830 1211 3897 Boeotiae,
1239 3831 1302 3882 in
1332 3829 1591 3882 Euboea.
1670 3831 1895 3885 Conon.
1915 3846 2068 3882 narr.
2089 3827 2178 3881 26.
2213 3826 2547 3896 Pammn,
2580 3828 2798 3898 QIV,

606 3904 700 3959 ³4.
723 3903 831 3968 lx,
859 3902 944 3956 26.
975 3901 1054 3967 X,
1087 3901 1179 3956 34.
1208 3902 1299 3956 35.
1339 3901 1530 3954 StraB.
1564 3901 1627 3955 X
1665 3921 1721 3975 p.
1755 3903 1881 3957 456.
1910 3900 2034 3954 461.
2069 3897 2269 3970 Steph.
2306 3901 2453 3970 Byz.
2491 3918 2539 3953 s.
2570 3916 2629 3953 ν.
2665 3903 2795 3951 Κα-

608 3973 743 4046 φυαὶ
774 3981 832 4027 at
859 3972 1113 4027 Ἑλληπία.
1198 3974 1467 4029 Ceterum
1517 3971 1625 4025 hos
1656 3992 1857 4028 omnes
1896 3990 1929 4026 e
1974 3969 2281 4027 Thessalia
2308 3973 2588 4040 migrasse
2616 3987 2791 4024 nemo

612 4046 840 4111 dixerit,
870 4044 975 4098 sed
1012 4046 1406 4099 tantummodo
1436 4044 1732 4098 admistam
1770 4043 2012 4100 Ionibus
2057 4045 2119 4096 in
2149 4044 2347 4096 Attica
2376 4049 2607 4111 gentem
2645 4040 2792 4096 1101-

607 4118 856 4172 lenicam
891 4136 925 4170 e
959 4115 1264 4172 Thessalia
1295 4115 1614 4190 profectam
1644 4117 1879 4173 fabulae
1915 4116 1989 4169 de
2025 4112 2229 4168 Xutho
2257 4113 2467 4168 docere
2498 4113 2792 4173 videntur.

608 4192 803 4263 Stin-ps
853 4195 1043 4242 autem
1079 4192 1284 4244 Ionum
1313 4189 1620 4261 Pelasgica
1653 4188 1780 4260 suit,
1825 4197 1883 4244 et
1913 4204 2127 4240 nomen
2160 4204 2391 4260 quoque
2420 4184 2574 4240 haud
2607 4184 2785 4239 dubie

608 4281 729 4317 nou
769 4264 831 4316 in
871 4264 1068 4315 Attica
1113 4261 1338 4320 demum
1376 4270 1509 4337 post
1552 4261 1865 4319 Hellenum
1910 4257 2220 4314 adventum
2256 4257 2472 4333 populo
2517 4255 2784 4327 inditum,

607 4334 713 4390 sed
744 4333 920 4407 longe
948 4336 1256 4390 vetustius.
