3067 4975
810 373 817 379 ·
901 351 977 425 8.
1026 351 1149 425 De
1206 354 1615 453 dt‘sczplae’na
1650 293 2011 454 publica.
2376 451 2380 457 .
2426 354 2561 427 341

390 537 554 607 viro
582 529 1026 628 collocatae,
1075 559 1293 635 quem
1323 538 1682 633 parentes
1710 532 2170 634 probassent
2194 533 2290 632 ⁴),
2340 558 2562 607 unam

327 629 334 636 ’
390 632 584 704 banc
635 655 890 702 curam
938 634 1363 729 impositam
1390 630 1797 726 habebant,
1847 640 1930 706 ut
1964 632 2353 731 placerent
2396 635 2559 704 viro

386 752 692 824 remque
758 725 1238 801 domesticam
1304 733 1512 801 recte
1589 733 1999 803 tuerentur.
2110 732 2375 828 Itaque
2438 732 2560 802 cui

387 828 503 896 vir
552 823 801 897 bonus
851 849 941 897 ac
988 825 1320 923 prudens
1367 827 1840 922 contigisset,
1891 830 2016 925 qui
2064 827 2403 900 tenerum
2429 851 2558 898 ru-

388 920 700 1019 demque
751 919 1082 995 mulieris
1133 926 1451 996 animum
1509 927 2033 996 sanaratione
2065 924 2431 997 tractaret
2456 923 2552 1016 ⁵),

383 1017 572 1091 haec
636 1017 856 1092 facile
922 1020 1007 1090 et
1057 1022 1227 1117 ipsa
1288 1017 1495 1092 bona
1556 1017 1961 1110 evadebat,
2059 1044 2549 1116 curarumque

385 1114 962 1187 domesticarum
1008 1113 1257 1213 proba
1307 1114 1607 1214 fidaque
1658 1141 2012 1191 consors:
2064 1112 2550 1215 reipublicae

378 1237 563 1285 vero
627 1209 1116 1311 virilibusque
1179 1216 1510 1311 negotiis
1559 1216 1910 1286 mulieres
1956 1216 2384 1303 immisceri,
2468 1213 2551 1283 ut

374 1311 692 1383 naturae
744 1310 1227 1397 contrarium,
1277 1313 1384 1382 ita
1434 1313 1613 1381 viris
1662 1313 1948 1408 pariter
1990 1336 2079 1383 ac
2107 1305 2546 1383 mulieribus

374 1404 812 1480 indecorum
863 1402 1280 1481 videbatur.
1360 1410 1720 1502 Ceterum
1770 1410 1844 1479 in
1895 1411 2137 1480 mariti
2164 1407 2546 1504 potestate

376 1506 635 1596 situm,
718 1507 1072 1603 quantum
1135 1507 1452 1605 quisque
1513 1507 1742 1577 uxori
1790 1502 2164 1577 libertatis
2216 1529 2307 1575 ac
2354 1503 2543 1574 iuris

371 1598 848 1674 concederet.
945 1601 1203 1696 Leges
1268 1598 1411 1673 hoc
1474 1602 1762 1683 tantum
1824 1603 2222 1693 caverunt,
2307 1623 2402 1672 ne
2452 1595 2543 1670 li-

373 1700 663 1790 centius
712 1697 843 1769 aut
888 1696 1402 1794 immodestius
1450 1700 1527 1770 in
1578 1694 1883 1795 publico
1932 1699 2418 1771 versarentur
2445 1698 2539 1790 ⁶),

372 1821 565 1868 neve
640 1796 952 1891 negotia
1025 1791 1313 1897 absque
1388 1798 1636 1868 mariti
1707 1798 2163 1868 auctoritate
2235 1795 2538 1865 contra-

369 1891 639 1965 herent
687 1916 878 1991 quae
926 1895 1147 1966 unius
1196 1889 1542 1965 medimni
1589 1896 1912 1990 pretium
1961 1890 2420 1966 excederent
2444 1889 2535 1979 7).

367 1987 718 2062 Moribus
793 1991 1041 2061 autem
1105 1986 1468 2063 honestae
1531 1987 1881 2062 mulieres
1941 2014 2261 2086 prorsus
2322 1991 2537 2060 ar'ce-

373 2085 643 2159 bantur
691 2110 740 2157 a
774 2082 1096 2183 publicis
1122 2082 1237 2158 fre
1293 2090 1759 2185 uentatisque
1785 2088 1965 2158 viris
1993 2084 2182 2158 locis
2210 2087 2304 2182 ⁸),
2354 2108 2533 2155 raro

371 2208 538 2258 cum
617 2179 880 2255 alienis
945 2184 1169 2256 etiam
1293 2186 1440 2255 omi
1514 2180 2202 2273 conversabantur,
2298 2182 2533 2254 coeti-

369 2278 520 2354 bus
592 2283 923 2356 virorum
985 2281 1063 2355 et
1123 2282 1479 2359 conviviis
1545 2304 1940 2385 numquam
2004 2282 2418 2354 intererant
2442 2278 2534 2369 9).

369 2480 501 2497 —

505 2592 574 2663 4)
609 2594 877 2671 Xenoph.
912 2595 950 2651 l.
986 2596 1022 2649 l.
1060 2596 1116 2667 §.
1153 2597 1243 2653 10.

506 2700 566 2768 5)
605 2701 812 2766 Qualis
862 2710 949 2757 est
994 2703 1096 2758 ille
1145 2704 1299 2777 apud
1345 2702 1796 2776 Xenophontem
1847 2699 2283 2769 Ischomachus,
2326 2719 2364 2754 a
2408 2715 2524 2772 quo

367 2791 514 2846 quae
588 2773 660 2826 ad
722 2779 1143 2830 matrimonium
1209 2780 1499 2847 pertinent
1558 2777 1937 2849 condicioque
1995 2774 2327 2841 mulierum,
2409 2789 2524 2842 qua

360 2846 425 2903 in
462 2845 769 2917 proborum
805 2850 1057 2901 virorum
1083 2850 1352 2921 coniugio
1375 2851 1459 2902 uti
1486 2848 1772 2915 solebant,
1805 2846 2028 2914 melius,
2064 2849 2287 2915 opinor,
2326 2850 2384 2897 et
2400 2860 2522 2895 cer·

360 2917 661 3039 tius-alisii
707 2925 1176 3007 posnan-quam
1226 2938 1259 2972 e
1304 2922 1654 3008 comicorum
1692 2927 1988 3006 poetarum
2023 2917 2266 2970 lusibus·
2340 2915 2389 2967 E
2426 2932 2517 3039 2232

361 2991 1390 3132 2335¹ztzd⁰sn22¹''35'2312flffl33'332ss3
1426 2998 1671 3115 {53⁹ssss
1701 2988 2374 3129 ’ἔίΐέἓῖὶιῖθὲἶὶηῖἶζςέὲ
2396 2988 2519 3108 2.ιεί

360 3136 705 3185 minationes
742 3137 1169 3197 temere-iactas
1205 3133 1497 3188 refutavit.
1570 3132 1656 3187 cf.
1697 3134 1754 3187 id
1795 3141 1931 3188 tom.
1966 3132 2057 3185 111
2094 3150 2148 3202 p·
2185 3128 2489 3184 201—212.

502 3237 569 3303 Β)
601 3237 896 3291 Plutarch.
944 3239 1151 3295 Solon.
1199 3260 1244 3294 c.
1280 3242 1369 3295 21.
1406 3241 1684 3312 Harpocr.
1732 3258 1777 3295 s.
1829 3259 1887 3294 v.
1930 3236 2005 3293 ὅτι
2026 3239 2214 3309 χιλίας.
2273 3232 2515 3289 Jacobs.

361 3305 495 3362 som.
529 3311 639 3363 IV.
672 3330 725 3380 p.
770 3311 899 3365 263.

501 3416 559 3477 7)
599 3417 875 3490 Han-poet.
912 3435 961 3469 s.
994 3436 1051 3473 v.
1085 3405 1158 3472 315
1189 3417 1356 3474 παιδῖ.
1396 3418 1484 3474 Cf.
1521 3420 1669 3471 Isae-
1707 3417 1780 3470 de
1816 3414 2136 3473 Aristarch.
2174 3416 2296 3470 ber.
2333 3412 2390 3482 §.
2428 3411 2514 3466 10.

366 3506 413 3540 c.
451 3505 651 3543 comm.
687 3507 743 3559 p.
777 3490 904 3544 439.

497 3589 563 3662 ὃ)
602 3593 864 3665 Xenopb.
921 3596 1138 3650 Oecon.
1188 3598 1239 3660 7,
1284 3599 1374 3652 30.
1423 3597 1697 3651 Menand.
1746 3596 1818 3650 fr.
1864 3617 1917 3669 p.
1962 3596 2032 3651 87
2078 3616 2133 3649 v.
2179 3594 2215 3647 9
2260 3587 2515 3644 Meinek.

357 3655 595 3721 Jacobs·
635 3664 673 3716 l·
711 3664 751 3718 l·
788 3685 842 3736 p·
887 3668 1012 3736 254,
1099 3669 1160 3722 ui
1197 3672 1427 3737 ‚somnia
1461 3666 1871 3722 nonnullorum
1910 3668 1982 3722 de
2018 3667 2285 3720 clausura
2314 3659 2518 3714 mulie-

360 3755 506 3803 rum,
543 3737 982 3793 de‘custodibus
1017 3758 1051 3791 a
1092 3760 1276 3812 eoque
1315 3741 1552 3794 canibus
1593 3743 1883 3812 appositi&
1922 3747 1980 3793 et
2014 3757 2159 3811 quae
2195 3741 2332 3788 sunt
2367 3732 2515 3785 aliae

365 3807 641 3861 eiusmodi
691 3826 909 3877 nugae,
965 3813 1109 3864 scite
1152 3813 1470 3881 redarguit.
1518 3840 1592 3852 —
1639 3815 1705 3865 Iu
1752 3811 2022 3865 iudicium
2065 3808 2334 3862 mulieres
2370 3821 2517 3855 non-

363 3897 654 3950 nunquam
691 3879 1032 3952 deprecandi
1067 3901 1242 3936 causa
1289 3884 1564 3938 adductas
1599 3883 1879 3937 videmus·
1916 3882 2005 3936 Cf.
2034 3899 2233 3936 comm.
2270 3880 2332 3931 in
2369 3877 2516 3929 lsae.

407 3991 420 4006 .
454 3951 562 4004 438
595 3970 680 4021 sq.

364 3971 402 4022 P
503 4054 559 4118 9)
598 4056 686 4110 Cf·
722 4058 867 4110 1880·
915 4057 986 4115 tle
1026 4059 1226 4130 Pyrrh.
1263 4057 1390 4114 her.
1425 4057 1480 4127 ξ.
1518 4061 1605 4114 13.
1645 4059 1726 4111 14.
1766 4017 1937 4115 Corn.
1971 4058 2125 4130 Nep.
2159 4053 2338 4128 praef·
2375 4051 2425 4118 §.
2462 4052 2514 4105 7.

361 4129 415 4181 A
453 4146 660 4179 scenae
696 4126 1071 4198 spectaculis,
1115 4151 1234 4184 non
1271 4131 1458 4185 solnm
1496 4130 1826 4196 comoediis,
1862 4130 1966 4184 sed
2004 4132 2171 4183 etiam
2208 4123 2517 4196 tragoediis

361 4197 632 4252 mulieres
667 4202 890 4254 Atticas
929 4203 1188 4256 exclusas
1235 4202 1413 4256 fuisse
1452 4202 1613 4255 multi
1650 4202 2028 4270 crediderunt,
2067 4199 2217 4274 quod
2252 4197 2411 4250 nulla
2427 4215 2521 4247 ra-

362 4272 524 4322 tione
574 4271 954 4325 domonstrari
1001 4294 1171 4346 posse
1216 4276 1525 4328 Jacobsiuu
1576 4273 1770 4326 docuit
1814 4272 1855 4326 l.
1891 4274 1932 4326 l.
1967 4293 2023 4346 p.
2058 4271 2357 4326 303-307.
2428 4265 2521 4319 Cf.

352 4343 493 4395 Ast.
528 4342 603 4394 ad
638 4341 788 4397 mat.
823 4347 999 4415 Legg.
1034 4364 1087 4418 p.
1125 4349 1244 4401 105.
1314 4347 1571 4415 Legibus
1604 4344 1852 4399 fortasse
1885 4362 1961 4400 ne
1997 4363 2034 4398 a
2060 4341 2369 4398 comoediis
2396 4339 2519 4408 qui-
