3067 4975
1130 377 1203 453 6.
1264 381 1385 453 De
1432 381 1758 455 ιἰιᾱίαὶῖς.
2007 460 2012 465 ,
2233 489 2240 496 „
2386 382 2568 472 277¹
2623 419 2629 424 ·

354 559 596 639 nabat
645 559 914 640 deinde
962 564 1478 660 magistratus,
1547 567 2020 661 reciperetne
2073 589 2379 638 causam
2428 590 2524 638 an

353 666 727 736 reiiceret.
840 657 1284 731 Reiicieuda
1350 662 1517 733 erat
1575 664 1895 758 primum
1971 658 2287 735 ahsente
2357 688 2522 753 reo,

351 763 499 833 nisi
552 764 615 831 si
663 759 986 849 κλητήρων
1033 758 1478 829 testimoniis
1527 755 2010 855 probaretur,
2064 785 2227 831 eum
2261 760 2404 833 rite
2440 761 2523 831 in

338 861 465 930 -ius
517 857 862 928 vocatum
913 878 1114 925 esse:
1168 855 1344 925 tuuc
1395 856 1616 945 enim,
1668 858 1812 926 nisi
1860 859 2266 928 excusatus
2292 857 2520 946 esset,

343 957 423 1026 in
474 952 1014 1040 contumaciam
1063 948 1546 1023 condemnari
1593 952 1998 1050 potuit¹2):
2048 950 2220 1026 dein
2250 949 2521 1052 siquid

343 1048 663 1148 legitimi
716 1045 1027 1122 obstare
1076 1045 1402 1138 videret,
1471 1072 1622 1147 quo
1689 1051 1929 1120 minus
1994 1047 2110 1122 vel
2158 1048 2357 1147 apud
2408 1074 2519 1141 se,

346 1149 469 1221 vel
520 1145 619 1218 ab
670 1144 815 1218 boc
864 1150 1149 1236 actore,
1200 1142 1317 1216 vel
1365 1143 1503 1216 hac
1555 1147 1875 1234 actione,
1926 1144 2044 1219 vel
2095 1145 2234 1218 bac
2285 1145 2378 1219 de
2426 1171 2515 1220 re

350 1247 478 1342 agi
525 1249 825 1343 posset,
878 1267 1072 1342 quae
1124 1243 1374 1313 omnia
1424 1241 1852 1338 singulatim
1880 1268 2319 1316 enumerare
2344 1241 2512 1326 lon-

346 1367 530 1438 gum
581 1340 845 1436 est13).
924 1339 1319 1410 Pertineut
1366 1346 1614 1411 autem
1668 1337 1810 1411 buc
1860 1343 2081 1411 etiam
2130 1343 2338 1412 varia
2376 1364 2511 1411 ex-

350 1440 774 1537 ceptionum
837 1459 1157 1533 genera,
1247 1436 1310 1507 si
1393 1460 1566 1509 reus
1631 1434 2137 1510 contendebat
2207 1459 2514 1510 causam

348 1543 535 1609 esse
586 1531 980 1624 eiusmodi,
1056 1556 1247 1630 quae
1307 1534 1386 1603 in
1454 1530 1804 1604 iudicium
1857 1530 2127 1606 deduci
2174 1559 2327 1606 nou
2378 1531 2509 1605 de-

343 1629 603 1724 beret,
651 1633 740 1720 μὴ
771 1632 1190 1716 εἰσαγώγιμον
1218 1632 1388 1697 εἶναι
1415 1631 1779 1718 τῆν’δίκην,
1829 1628 2090 1729 quates
2122 1633 2508 1727 exceptio-

345 1754 483 1803 nes
536 1734 663 1800 aut
707 1749 848 1824 per
896 1728 1154 1812 testeo,
1206 1726 1332 1821 qui
1379 1747 1522 1824 pro
1573 1749 1709 1797 reo
1752 1725 2327 1821 intercederent,
2379 1726 2512 1799 aut

345 1824 444 1899 ab
512 1828 682 1923 ipso
746 1847 881 1896 reo
949 1821 1331 1917 interponi
1391 1822 1768 1918 poterant.
1876 1822 2214 1897 Alterum
2261 1848 2509 1921 genus

335 1926 794 2012 διαμαρτυρία,
857 1915 1172 1989 alterum
1222 1921 1623 2009 παραγραφὴ
1680 1920 1813 1992 aut
1872 1923 2095 1994 etiam
2141 1922 2507 2011 α’ντιγραφὴ

346 2014 763 2110 dicum-¹⁴).
857 2014 1123 2112 Neque
1174 2011 1502 2086 dubitari
1548 2016 1828 2112 potest,
1932 2021 2058 2090 uin
2107 2018 2509 2115 magistra-

345 2119 482 2207 tui,
534 2118 598 2186 si
644 2113 917 2185 iustam
969 2136 1136 2183 csse
1174 2113 1696 2210 exceptionem
1729 2042 2203 2212 intefligeret,
2255 2115 2509 2186 statim

344 2217 660 2286 reiicere
712 2211 1123 2299 actionem,
1194 2233 1332 2281 suo
1386 2207 1678 2307 quidem
1731 2210 2068 2308 periculo
2097 2212 2213 2306 ¹⁵),
2275 2209 2507 2283 iicue-

346 2311 486 2383 rit:
570 2330 1008 2406 quamquam
1082 2303 1370 2401 plerum
1429 2331 1521 2378 ue
1599 2304 2005 2405 nibil·ipse
2068 2306 2503 2397 decernere,

346 2404 480 2480 sed
530 2409 901 2501 integram
961 2427 1119 2475 rem
1169 2399 1390 2474 iudici
1449 2428 1539 2475 us
1586 2408 2022 2501 permittere
2072 2402 2368 2479 solebat
2393 2402 2503 2485 ¹⁶).

347 2506 702 2578 Ceterum
761 2505 1013 2573 iurare
1073 2502 1507 2600 utrumque,
1591 2502 1668 2574 et
1731 2504 2065 2578 actorem
2128 2505 2202 2575 et
2266 2523 2500 2591 reum,

347 2597 749 2700 oportebat
797 2623 879 2671 se
930 2622 1082 2670 non
1133 2595 1631 2670 calumniandi
1680 2603 1924 2672 animo
1957 2609 2082 2674 aut
2111 2597 2501 2693 intendere

342 2697 545 2773 litem
573 2698 706 2769 aut
729 2697 1106 2794 excipere,
1159 2693 1358 2796 quod
1383 2698 1880 2770 iuramentum
1907 2700 2296 2786 ἀντωμοσία,
2338 2698 2496 2764 διω-

482 3009 577 3078 12)
615 3010 760 3064 Ibid·
796 3029 849 3081 p.
885 3010 1006 3064 577.
1080 3010 1232 3062 Hinc
1282 3010 1536 3062 existunt
1569 3005 1751 3083 γραφὴ
1780 3008 2164 3077 ψευδοκλητείας
2196 3003 2303 3078 (ib.
2342 3012 2401 3060 et
2435 3019 2493 3072 P.

339 3081 494 3151 336.)
529 3101 613 3156 γρ.
631 3086 974 3149 συκοφαντίας
999 3078 1284 3148 (Boeckh.
1304 3100 1558 3153 prooem.
1600 3082 1752 3134 lectt.
1770 3081 1886 3136 hih.
1925 3099 2059 3135 ann.
2092 3078 2493 3147 1817-1818.)

342 3156 457 3221 όῖκη
490 3153 844 3225 κακοτεχνιῶν.
921 3149 1116 3223 (Proc.
1153 3156 1274 3207 Att.
1311 3173 1369 3224 p.
1406 3153 1513 3207 385
1551 3160 1609 3206 et
1646 3148 1797 3222 759.)

482 3276 582 3350 13)
621 3282 1007 3351 Pei-sequutus
1045 3278 1187 3333 haec
1220 3297 1342 3332 sum
1379 3281 1449 3331 P.
1485 3280 1560 3334 A.
1599 3290 1656 3342 Ρ.
1691 3276 2018 3331 599-602.

482 3401 580 3475 14)
629 3404 773 3458 Ibid.
821 3423 874 3474 p.
921 3404 1112 3458 631-
1137 3403 1260 3457 650.
1351 3401 1540 3455 Etiam
1583 3402 1863 3472 ἐξωμοσίας
1892 3419 2104 3454 nomen
2140 3399 2211 3451 de
2247 3396 2491 3470 quodam

340 3479 695 3548 exceptionis
732 3494 942 3544 genere
980 3475 1191 3528 dictum
1230 3473 1400 3527 docui
1433 3493 1491 3545 Ρ.
1527 3475 1651 3528 648.
1690 3476 1825 3526 item
1862 3473 1935 3526 de
1969 3472 2309 3545 loquutione
2338 3470 2487 3524 εὖθύ-

337 3550 497 3622 ὣκίᾳ,
529 3545 620 3614 τὴν
652 3549 863 3602 εὐθεῖαν
895 3549 1102 3601 εἶσιέναι
1134 3567 1191 3620 Ρ.
1227 3546 1350 3601 649.

479 3685 579 3759 15)
619 3687 856 3742 Scilicet
907 3691 958 3742 si
1010 3694 1224 3741 temere
1276 3690 1560 3742 actionem
1611 3691 1907 3743 reiecisset
1964 3686 2214 3741 accusari
2260 3691 2489 3756 propte·

341 3782 441 3816 rea
478 3772 577 3815 aut
613 3764 674 3815 iu
707 3761 943 3816 εὐθύναις
974 3767 1073 3812 aut
1106 3780 1210 3832 per
1242 3758 1492 3834 προβολῆν
1528 3769 1630 3814 aut
1661 3765 1724 3815 in
1756 3762 2113 3834 ἐπιχειροτονία
2146 3758 2349 3830 potuit.

481 3900 578 3971 16)
618 3906 871 3974 Apparet
905 3907 1110 3965 autem,
1147 3905 1194 3955 si
1232 3902 1577 3977 διαμαρτυρία
1609 3906 1950 3975 interposita
1985 3906 2152 3967 esset,
2187 3895 2490 3950 1181108111»-

338 3978 561 4028 moveri
607 3993 724 4027 non
760 3977 1013 4043 potuisse
1049 3976 1158 4025 nisi
1193 3977 1303 4042 ita,
1361 3984 1427 4027 ut
1463 3979 1590 4048 quis
1627 3994 1753 4029 eum
1792 3979 1888 4046 qui
1925 3974 2311 4026 testimonium
2347 3968 2492 4020 illud

343 4046 568 4099 dixerat
598 4043 673 4118 μὴ
707 4046 1058 4118 εἰσαγώγιμον
1089 4045 1224 4098 εἶναι
1253 4044 1342 4112 τὴν
1375 4047 1538 4117 δίκην,
1574 4067 1676 4117 per
1712 4046 1859 4111 δίκην
1890 4041 2341 4118 ψευδομαρτυριῶν
2357 4041 2487 4094 falsi

339 4119 653 4170 testimonii
702 4120 1094 4169 convincet-etz
1161 4121 1211 4170 si
1257 4137 1402 4192 παρα
1440 4121 1585 4192 ραφῇ
1634 4137 1765 4170 reus
1813 4135 1951 4170 usus
1989 4126 2166 4184 esset,
2228 4115 2377 4167 hanc
2413 4112 2485 4164 ab

339 4191 468 4261 ipso
522 4189 899 4260 probandam,
957 4187 1029 4240 ab
1085 4197 1278 4242 actore
1331 4209 1391 4242 re
1423 4189 1706 4244 elleudam
1760 4188 1964 4242 fuisses
2034 4205 2221 4260 neque
2259 4187 2329 4237 de
2364 4189 2489 4256 ipsa

341 4263 569 4315 actione
613 4261 888 4313 iudicium
938 4260 1065 4313 fieri
1109 4264 1364 4332 potuisse
1409 4265 1522 4317 nisi
1565 4267 1700 4336 post
1740 4260 2043 4315 refutatam
2080 4260 2484 4331 exceptionem.

341 4333 482 4386 Vid.
509 4335 681 4388 Proo.
717 4336 837 4387 Att.
872 4343 929 4397 P.
967 4331 1092 4387 646.
