3067 4975
582 331 732 411 331
984 331 1066 406 172
1113 331 1236 414 De
1280 355 1371 408 re
1405 330 1725 434 publica
1772 330 2368 412 Atheniemmm.

583 542 728 618 que
778 513 1137 592 citharam
1186 518 1334 608 ita,
1411 516 1483 589 si,
1526 516 1850 590 serviret
1890 518 2099 608 voci,
2179 542 2335 591 non
2386 517 2759 617 officeret,

582 639 837 689 comes
886 619 1112 705 esset,
1161 638 1316 686 non
1367 609 1699 685 domina:
1763 610 2179 712 modosque
2229 613 2546 690 canendi
2593 643 2756 713 eos,

584 717 711 814 qni
777 736 942 784 cum
1007 707 1285 784 decore
1350 710 1428 782 et
1486 711 1860 807 gravitate
1924 734 2186 784 vocem
2239 717 2579 786 canentis
2629 742 2756 788 su-

554 836 721 908 -pra
770 809 1141 882 sermonis
1193 804 1677 885 humilitatem
1730 802 2209 902 extollerent,
2258 833 2409 880 non
2463 814 2591 909 qui
2620 837 2755 884 ex-

552 906 950 979 ·-sultarent
1009 902 1391 996 licentius,
1458 900 2037 1002 artificiosisque
2105 911 2569 990 ornamentis
2618 934 2753 983 na-

581 1007 807 1075 tivam
872 1003 950 1075 et
1015 999 1422 1099 simplicem
1496 1002 1904 1073 carminum
1951 997 2524 1097 pulcritudinem
2575 1030 2756 1078 one-

558 1101 843 1173 ·rare'nt
870 1099 969 1191 ⁵).
1094 1099 1578 1199 Quamquam
1651 1093 2212 1195 posterioribus
2288 1098 2756 1198 temporibus

583 1199 808 1268 etiam
855 1198 1005 1267 ista
1052 1198 1381 1268 musicae
1435 1199 1620 1267 artis
1671 1193 2101 1290 corruptela
2153 1199 2228 1268 et
2276 1192 2615 1290 luxuria,
2678 1201 2753 1272 in

579 1293 796 1365 Ionia
862 1295 1185 1364 maxime
1239 1297 1314 1365 et
1344 1288 1544 1389 apud
1578 1288 1988 1363 Aeolenses
2022 1296 2215 1383 orta,
2243 1294 2467 1364 nimio
2500 1292 2755 1390 plures

580 1387 894 1461 Athenis
959 1395 1338 1462 amatores
1387 1389 1698 1479 invenit,
1750 1388 2046 1485 ipsique
2093 1393 2371 1485 poetae
2424 1395 2757 1464 carmina

582 1511 738 1557 non
789 1481 884 1556 ad
920 1487 1247 1581 priscam
1296 1481 1497 1557 illam
1551 1485 2060 1580 [loricamque
2113 1488 2624 1559 castimoniam
2678 1495 2757 1560 et

583 1584 1083 1673 severitatem,
1141 1580 1273 1655 sed
1326 1579 1419 1653 ad
1472 1579 1666 1653 hanc
1715 1603 1981 1652 novam
2032 1578 2415 1656 mollitiem
2464 1585 2542 1659 et
2591 1581 2755 1657 dul-

582 1675 922 1753 cedinem
970 1683 1424 1779 componere
1473 1680 1889 1776 coeperunt
1926 1677 2024 1773 ⁶).

1384 1854 1453 1933 §.
1504 1842 1942 1919 LXXXIV.

772 1996 1330 2095 Gymnasticam
1404 1997 1662 2093 pueris
1737 1991 2198 2093 disciplinam
2261 1992 2754 2093 paedotribae

580 2089 1046 2170 adhibebant
1075 2093 1167 2187 ¹),
1219 2117 1536 2192 quorum
1588 2115 1716 2165 ars
1765 2118 1915 2164 non
1966 2090 2207 2167 solum
2257 2097 2486 2167 variis
2536 2119 2754 2168 exer·

548 2191 1021 2262 ‘citationum
1134 2185 1525 2281 eneribus,
1600 2186 1735 2261 sed
1801 2191 2022 2261 etiam
2073 2196 2250 2286 apto
2301 2192 2545 2264 victus
2595 2188 2753 2264 cul-

580 2291 851 2384 tusque
931 2312 1053 2360 mo
1110 2311 1158 2357 o
1234 2284 1730 2385 laborumque
1794 2290 1871 2358 et
1942 2288 2304 2385 requietis
2381 2294 2755 2385 tempera-

575 2390 827 2455 mento
893 2380 1405 2458 salubritatem
1474 2377 1934 2478 corporibus⁸
1994 2407 2157 2454 cum
2209 2377 2539 2476 robore,
2573 2388 2757 2482 -agi-

572 2478 859 2555 lita-tem
912 2506 1083 2559 cum
1130 2479 1408 2558 decore
1432 2477 1879 2582 praestabat
1903 2479 2000 2575 ²).
2057 2477 2529 2555 Athletarum
2559 2484 2754 2556 enim

714 2793 782 2865 5)
833 2795 923 2851 Cf.
968 2796 1121 2852 Plat.
1170 2795 1345 2866 Legg.
1380 2795 1443 2849 11
1494 2807 1554 2862 Ρ.
1591 2795 1778 2864 669-
1794 2794 1919 2854 671.
1966 2792 2102 2865 vn,
2139 2795 2265 2851 812.
2336 2793 2490 2853 Add.
2524 2796 2743 2849 Pratin.

574 2885 665 2940 ap.
701 2866 988 2921 Athenae.
1021 2869 1179 2923 xlv
1217 2881 1271 2934 Ρ.
1308 2869 1433 2923 617.

717 2970 782 3045 6)
816 2973 1119 3048 Aristoph.
1155 2973 1361 3032 Num».
1391 2992 1449 3029 ν.
1485 2973 1596 3028 963
1633 2992 1760 3049 sqq.
1832 2975 2029 3030 Rann.
2062 2991 2120 3031 v,
2160 2973 2318 3029 1328.

720 3077 779 3150 l)
833 3084 927 3136 De
971 3082 1325 3155 paedotribis
1364 3087 1422 3134 et
1457 3082 1801 3150 gymnastis‚
1851 3082 2267 3151 quae'nomina
2301 3081 2474 3135 modo
2515 3081 2747 3134 eosdem

568 3153 743 3208 modo
783 3154 1046 3208 diversos
1081 3156 1472 3226 gymnasticae
1507 3155 1596 3205 rei
1630 3154 1932 3220 magistros
1971 3150 2289 3220 designant,
2327 3154 2442 3206 vid.
2481 3154 2746 3206 Perizon-

569 3225 644 3278 ad
704 3224 920 3279 Aelian.
966 3227 1048 3283 V.
1085 3229 1161 3280 Η.
1207 3227 1281 3294 11,
1329 3226 1381 3279 6.
1452 3222 1762 3295 spanhem.
1812 3223 1884 3275 ad
1932 3221 2227 3294 Aristoph.
2265 3224 2459 3278 Nuhh.
2511 3243 2568 3277 ν.
2618 3224 2741 3278 967.

570 3312 688 3348 van
734 3295 885 3349 Dale
942 3295 1252 3352 dissertatt.
1300 3309 1354 3361 Ρ.
1401 3296 1505 3349 691
1564 3314 1592 3348 s
1634 3315 1687 3367 q.
1736 3293 2163 3364 wyttenbach.
2211 3294 2284 3347 ad
2337 3296 2492 3348 Plut.
2538 3295 2745 3349 Moral.

571 3372 710 3419 tom.
746 3366 808 3418 11
852 3379 908 3431 Ρ.
958 3369 1082 3422 155.
1131 3370 1237 3422 156
1285 3368 1373 3421 ed.
1412 3368 1565 3438 Lips.
1595 3314 1829 3437 {praem
1870 3369 2038 3418 sanit.
2075 3366 2272 3418 tuend.
2310 3379 2363 3431 Ρ.
2401 3369 2508 3421 133
2545 3368 2638 3428 Β.)
2676 3393 2742 3404 -

576 3440 1111 3507 Commemorantur
1146 3448 1444 3511 praeterea
1481 3440 1711 3493 ἀλειπταί
1745 3435 2082 3506 (Wyttenh.
2107 3437 2145 3487 l.
2184 3435 2275 3505 l.)‚
2314 3438 2522 3490 deinde
2559 3440 2619 3490 in
2657 3440 2744 3489 in·

572 3506 982 3580 scriptionibus
1028 3512 1410 3582 posteriorum
1460 3520 1778 3581 temporum
1813 3507 2248 3581 ὑποπαιδοτρίβαι,
2294 3510 2586 3571 παιδευταί,
2622 3507 2741 3579 ἦγε-

569 3579 748 3649 μόνες,
780 3578 786 3587 ’
813 3580 1129 3651 ὅπλομᾶχοι,
1196 3587 1253 3633 et
1304 3583 1748 3634 ministeriorum
1795 3584 2030 3631 nomina
2075 3581 2439 3653 κεστρόᾳωλὰξ,
2494 3580 2741 3654 θυρωρός,

570 3652 865 3727 levationes.
936 3653 1080 3706 vid.
1115 3655 1291 3725 Oorp.
1322 3654 1503 3706 Inscr.
1542 3668 1641 3706 no.
1675 3653 1801 3705 255.
1841 3651 2141 3706 266-282.

715 3753 781 3828 2)
829 3755 1150 3833 Rauracum}
1193 3759 1310 3836 περῖ
1350 3759 1550 3824 εὐεξίαν
1579 3758 1837 3828 σωμάτων
1881 3756 1977 3810 καὶ
2021 3759 2287 3828 καχεξίαν.
2363 3754 2512 3810 Plat.
2563 3757 2743 3821 Gorg.

568 3838 625 3892 Ρ.
660 3830 768 3882 450
803 3834 877 3884 Α.
953 3833 1042 3889 Cf.
1089 3833 1160 3887 de
1210 3850 1277 3887 re·
1321 3833 1478 3906 publ.
1521 3832 1642 3882 vll
1679 3843 1734 3894 Ρ.
1771 3830 1873 3882 521
1913 3829 1979 3879 Ε.
2053 3826 2321 3899 Xenoph.
2357 3830 2590 3880 Menum.
2629 3829 2738 3896 111,

454 3902 457 3905 ’
569 3901 641 3954 12
687 3901 884 3974 ibique
932 3904 1270 3959 Schneider.
1343 3906 1422 3958 Et
1467 3905 1623 3976 ἔργον
1663 3900 2012 3971 παιδοτρίβου,
2071 3901 2256 3955 καλούς
2299 3918 2349 3953 π
2382 3899 2480 3953 καὶ
2509 3896 2741 3974 ῖοχυροῦς

565 3975 734 4025 ποιεῖν
763 3970 872 4030 τοὺς
903 3975 1207 4051 ἀνθρώπους
1234 3973 1295 4030 τοὶ
1332 3978 1566 4039 σώματα.
1629 3972 1782 4026 Plat.
1835 3975 2009 4040 Gorg.
2061 3981 2118 4035 Ρ.
2166 3973 2274 4025 432
2309 3973 2378 4024 Β.
2419 3972 2493 4025 cf.
2535 3984 2589 4036 Ρ.
2625 3972 2735 4024 464

560 4043 635 4096 Α.
673 4045 742 4097 Β.
779 4046 1020 4101 Aristot.
1045 4048 1219 4105 Polit.
1255 4050 1345 4103 IV
1347 4083 1363 4113 ,
1401 4050 1452 4115 1,
1493 4047 1541 4099 l.
1604 4045 2016 4114 Gymnasticen
2049 4043 2475 4113 paedotrihicae
2513 4051 2734 4114 partem

562 4111 701 4166 dicit
744 4115 926 4170 Isocr.
984 4118 1054 4174 de
1100 4128 1341 4191 permut.
1387 4131 1445 4185 Ρ.
1494 4118 1564 4172 91
1619 4114 1799 4171 Orell.
1849 4116 1898 4167 E
1948 4115 2363 4168 recentioribus
2410 4114 2523 4166 vid.
2568 4117 2731 4185 impr.

556 4183 719 4238 Hier.
755 4187 1119 4244 Mercurialis
1156 4190 1228 4243 de
1265 4199 1387 4245 arte
1423 4190 1798 4259 gymnastica.
1837 4189 2016 4239 Amst.
2057 4186 2209 4240 1672.
2234 4185 2283 4237 4.
2307 4187 2366 4237 J.
2388 4187 2461 4238 fl.
2485 4186 2731 4250 Kranae,

557 4253 896 4326 Theagenes
946 4261 1087 4316 oder
1129 4260 1566 4316 wissenschaftl.
1610 4256 1986 4325 Darstellung
2024 4256 2125 4309 der
2163 4255 2525 4329 Gymnastik,
2565 4259 2723 4326 Ago-

551 4326 730 4382 nistik
766 4348 821 4386 n.
853 4331 1175 4407 Festspiele
1211 4334 1313 4389 der
1344 4333 1651 4389 Hellenen.
1688 4328 1844 4388 nau.
1867 4330 2034 4393 1835.
2074 4328 2128 4384 8.
2251 4352 2256 4357 ’
