3067 4975
598 338 705 412 ΙΙ
701 336 757 411 I
749 389 768 407 .
841 337 962 412 De
1010 321 1236 410 rebus
1269 331 1603 434 publicis
1650 331 1736 406 t'n
1781 333 2238 412 autbertum.
2406 337 2504 412 59

337 528 454 594 est
502 518 693 610 alios
741 514 838 591 ab
892 542 984 590 eo
1017 512 1354 591 adbiberi
1383 513 1886 607 consiliarios,
1938 519 2344 613 ministr-oe,
2393 523 2506 595 iu-

339 617 581 709 dices,
649 619 774 717 qui
838 623 1128 707 tamen,
1199 616 1265 685 si
1314 609 1410 684 ab
1446 611 1645 685 illius
1677 617 1900 686 unius
1935 613 2313 689 voluntate
2346 643 2505 690 mu-

337 742 481 787 nus
530 712 673 787 sibi
724 709 1078 786 traditum
1131 707 1412 783 babent
1459 707 1556 781 ab
1609 712 1918 809 eiusque
1985 717 2168 785 nutu
2231 718 2310 786 et
2370 719 2506 788 im-

335 816 552 910 perio
612 809 978 910 pendent,
1054 814 1258 880 reete
1322 810 1544 879 unius
1605 806 1923 881 arbitrio
1988 812 2065 883 et
2125 813 2507 907 potestate

332 935 630 984 omnem
685 933 838 981 rem
886 903 1261 1003 publicam
1310 904 1818 976 administrari
1890 903 2244 1002 dicemus.
2344 906 2509 982 Sed

339 1005 528 1078 baec
577 1007 819 1079 forma
871 1004 1187 1102 imperii,
1240 1027 1431 1100 quae
1484 1005 1602 1073 est
1648 1015 1966 1098 μοναρχία
1997 1007 2149 1076 veri
2188 1008 2505 1077 nominis

339 1101 822 1188 veldsmmeta
849 1106 926 1172 et
949 1109 1389 1195 παμβασιλεία
1422 1100 1509 1191 ¹),
1536 1096 1733 1195 apud
1771 1097 2108 1172 Graecos
2130 1099 2293 1174 fere
2319 1127 2505 1175 nun-

339 1224 560 1301 quam
610 1198 780 1276 suit:
835 1221 1003 1269 nam
1054 1196 1404 1269 heroicae
1455 1196 1726 1266 aetatis
1761 1219 2000 1292 regna
2027 1221 2247 1296 quam
2278 1197 2510 1293 long-e

340 1324 386 1370 a
436 1294 868 1372 monarchia
918 1292 1048 1367 illa
1098 1295 1388 1366 remota
1436 1288 1719 1364 suerint
1763 1316 1948 1365 mox
1988 1291 2385 1392 apparebit
2413 1297 2508 1392 2).

336 1391 611 1468 Fiehat
657 1400 907 1465 tamen
957 1395 1229 1489 postea
1262 1413 1810 1488 nonnunquam
1860 1396 1943 1461 ut
1995 1390 2328 1465 homines
2393 1390 2509 1466 fa-

339 1492 564 1563 ctiosi
610 1514 750 1587 per
801 1492 943 1562 vim
992 1494 1067 1561 et
1115 1490 1464 1559 astutiam
1514 1510 1800 1582 summa
1853 1512 2100 1560 rerum
2163 1486 2308 1562 soli
2367 1517 2509 1588 po-

336 1592 696 1661 tirentur:
749 1610 1065 1687 quorum
1116 1582 1553 1672 dominatio,
1607 1580 1908 1680 legibus
1953 1587 2242 1682 pariter
2295 1593 2369 1659 et
2394 1591 2510 1660 in-

334 1687 566 1784 genio
627 1682 1111 1782 moribusque
1176 1681 1643 1753 Graecorum
1724 1682 2144 1775 contraria,
2214 1699 2515 1781 τυραννὶς

334 1786 654 1855 vocatur
679 1783 767 1874 ³).
867 1778 1028 1853 Sed
1080 1781 1145 1852 si
1194 1779 1268 1851 in
1319 1802 1734 1874 paucorum
1780 1782 2163 1874 potestate
2205 1804 2331 1852 res
2377 1803 2514 1876 pu·-

343 1876 540 1953 blica
590 1887 730 1970 est,
782 1874 896 1949 bis
943 1878 1299 1975 princeps
1347 1877 1420 1945 in
1492 1876 1797 1953 civitate
1861 1872 2075 1948 locus
2136 1880 2270 1949 aut
2387 1901 2512 1947 ro..

337 1980 513 2074 pter
567 1977 879 2068 generis
928 1971 1394 2047 nobilitatem
1442 1977 1574 2043 aut
1618 1973 1936 2070 propter
1962 1970 2257 2046 divitias
2343 1976 2515 2045 atus

338 2077 482 2146 est.
556 2072 660 2145 Et
704 2065 915 2143 initio
969 2067 1263 2170 quidem
1311 2066 1623 2167 plerum«
1656 2094 1748 2140 ue
1800 2067 1997 2166 apud
2053 2068 2518 2143 nobilitatem

340 2175 567 2245 etiam
617 2167 918 2242 divitiae
966 2168 1294 2239 maiores
1322 2190 1493 2238 esse
1522 2190 1613 2236 so
1647 2168 1808 2244 entz
1853 2164 2175 2264 proinde
2203 2163 2517 2264 liberior

346 2293 644 2367 quoque
709 2292 757 2338 a
818 2266 928 2337 rei
998 2262 1388 2337 familiaris
1454 2288 1636 2334 cura
1702 2266 1991 2350 animus
2054 2268 2313 2365 reique
2374 2290 2517 2362 pu-

338 2363 586 2438 blicae
636 2359 1076 2435 tractandae
1112 2363 1380 2433 ‘maior
1445 2356 1801 2453 facultasfl,
1864 2363 2187 2462 itemque
2246 2358 2516 2433 milita-

341 2467 535 2538 rium
584 2465 853 2534 artium
900 2461 1142 2532 maior
1192 2459 1640 2530 exercitatio
1693 2461 1771 2531 et
1816 2461 2331 2558 praestantius
2392 2483 2517 2530 ar-

341 2568 679 2635 maturae
728 2584 974 2656 gvnns
998 2554 1108 2651 ⁴),
1160 2551 1431 2656 quibus
1481 2551 1713 2627 rebus
1765 2581 1986 2655 quum
2053 2568 2129 2629 et
2191 2559 2265 2628 in
2328 2582 2519 2654 paee

347 2661 538 2733 etin
592 2655 793 2729 bello
847 2657 1176 2731 ceteram
1222 2650 1767 2725 multitudinem
1816 2653 2314 2751 praecellant,
2366 2680 2518 2725 non

344 2759 617 2830 iniuria
667 2756 890 2827 etiam
940 2755 1013 2823 in
1066 2753 1364 2850 civitate
1429 2752 1933 2848 principatum
1994 2749 2343 2824 obtinere
2409 2754 2518 2821 vi-

346 2853 642 2926 dentur.
740 2851 1029 2922 Horum
1089 2844 1222 2920 ubi
1283 2872 1570 2919 summa
1638 2851 1758 2919 est
1816 2852 2259 2948 minimeque
2326 2844 2520 2919 limi-

348 2955 511 3023 tata
574 2950 956 3047 potestaS‚
1014 2942 1124 3045 ibi
1185 2944 1264 3016 et
1324 2968 1371 3015 a
1422 2943 1743 3016 consilio
1792 2942 2096 3044 publico
2151 2948 2228 3019 et
2277 2970 2322 3016 a
2370 2970 2522 3018 ma-

345 3043 796 3146 gistratibus
860 3046 939 3115 et
1001 3067 1048 3114 a
1104 3038 1397 3115 iudiciis
1442 3037 1667 3138 plebs
1716 3041 2177 3134 excluditur,
2239 3044 2521 3114 omnia..

351 3171 497 3246 que
547 3141 731 3215 haee
778 3141 1029 3212 munia
1079 3137 1224 3212 soli
1265 3135 1562 3211 nobiles
1595 3136 2143 3231 administrant,
2195 3144 2326 3211 aut
2353 3142 2525 3238 pari

348 3245 547 3315 inter
599 3266 682 3312 se
730 3240 918 3326 iure,
969 3238 1100 3308 aut
1150 3233 1573 3309 discrimine
1625 3234 1879 3337 aliquo
1913 3239 2112 3310 inter
2139 3239 2347 3336 ipsos
2383 3234 2524 3309 ob-

352 3345 686 3421 servato,
735 3332 963 3413 ‚veluti
1065 3358 1237 3405 uum
1287 3330 1382 3405 ad
1434 3357 1766 3406 summos
1815 3336 2307 3432 magistratus
2358 3359 2523 3405 cer·

353 3440 452 3509 tis
513 3440 796 3533 tantum
853 3358 1151 3505 familiis
1217 3426 1469 3503 aditus
1542 3428 1995 3513 hereditario
2060 3433 2222 3503 iure
2270 3435 2522 3530 patet3

356 3528 559 3634 quod
606 3554 848 3626 genus
897 3528 1363 3627 principatus
1413 3538 1764 3605 δυναστεία
1811 3530 2129 3602 vocatur
2179 3529 2274 3623 ⁵).
2377 3526 2527 3602 Ubi

353 3633 604 3704 autem
653 3652 807 3699 non
853 3626 1163 3725 generis
1215 3620 1577 3698 nobifitas
1611 3625 1746 3700 sed
1783 3652 2055 3701 census
2084 3622 2525 3725 magnitudo

464 3903 558 3970 .1>
593 3904 773 3958 Arist·
807 3902 986 3958 Polit.
1022 3901 1133 3971 111,
1169 3902 1241 3956 10
1274 3921 1333 3976 p.
1369 3908 1472 3961 tot.
1512 3911 1574 3958 et
1604 3905 1684 3970 ΙΙ,
1720 3904 1773 3963 2

494 3992 562 4061 2)
599 3989 691 4046 Cf.
728 3990 809 4046 id.
846 3990 926 4046 ib.
967 3991 1072 4059 ΙΙΙ,
1114 3991 1201 4064 10,
1236 3991 1288 4046 7.
1368 4006 1373 4012 ’

498 4079 560 4148 8)
595 4079 746 4135 lbid.
781 4081 893 4150 IV,
928 4079 982 4149 8,
1016 4080 1070 4135 3.
1122 4080 1203 4149 V,
1239 4081 1293 4147 8,
1326 4083 1418 4137 ²2.

460 4164 568 4236 ,4)
608 4168 755 4223 uid.
791 4169 906 4239 IV,
941 4168 998 4238 4,
1033 4166 1091 4223 l.
1124 4187 1175 4227 ο.
1214 4169 1269 4240 6,
1306 4171 1363 4236 2.,

498 4245 563 4324 Β)
602 4256 751 4315 uid.
787 4257 898 4326 lv,
933 4257 988 4326 ⁶,
1027 4257 1088 4316 1.-
