3067 4975
110 3475 127 3487 “
186 3466 189 3467 ’
244 3463 536 3517 Plutarch.

705 425 779 497 9.
831 426 1109 502 Status
1142 442 1329 529 post
1361 430 1612 529 proel.
1650 428 2020 511 Chaerea.
2322 432 2471 506 359

288 607 596 685 mutatis
664 608 743 682 in
809 589 1140 682 deterius
1203 606 1543 682 moribus
1591 610 1805 683 tanto
1857 608 2027 710 plus
2079 608 2224 684 sibi
2273 616 2460 688 invi-

290 707 456 782 diae
508 707 735 806 atque
784 704 1130 779 infamiae
1181 710 1602 797 contraxit,
1693 710 1975 806 quanto
2045 713 2293 806 magis
2345 717 2462 786 sui

190 898 194 900 Δ
283 801 1547 1001 {gffptffissznvnsszrdffigm1111·thqu
1553 802 2244 996 ognffggffituffiffi'tn
2273 831 2457 977 οὗὲ-

279 1002 622 1071 metrium
671 996 910 1090 illum,
991 1001 1116 1098 qui
1179 1001 1445 1096 postea
1494 994 1969 1070 Poliorcetes
2032 999 2453 1098 appellatus
2529 1049 2533 1054 ψ

285 1102 424 1186 est,
490 1120 588 1167 ex
635 1097 1042 1193 improviso
1095 1121 1259 1168 cum
1311 1120 1585 1191 magna
1636 1093 1879 1167 classe
1930 1094 2320 1168 advectum
2375 1106 2451 1171 et

280 1196 446 1268 sine
496 1196 898 1276 cert-amine
949 1194 1268 1268 Piraeeo
1319 1196 1662 1290 potitum,
1714 1190 2136 1264 libertatem
2167 1196 2447 1268 civitati

272 1285 748 1389 pollicentem
799 1288 1789 1387 cupidissimereceperunt,
1840 1292 2243 1389 electisque
2276 1293 2465 1364 Ma·
2536 1372 2540 1376 ,

276 1383 690 1459 cedonibus
764 1389 1153 1460 restitutae
1217 1382 1590 1476 libertatis
1640 1383 1920 1483 gaudio
1974 1386 2444 1462 exsultantes

272 1481 607 1555 honores
653 1484 728 1554 in
782 1484 1245 1556 Demetrium
1297 1486 1604 1579 eiusque
1652 1487 1938 1579 patrem
1990 1487 2442 1579 Antigonum

272 1581 530 1652 tantos
580 1586 876 1679 tamque
924 1577 1362 1651 immodicos
1413 1579 1899 1668 cumularunt,
1947 1584 2031 1652 ut
2060 1580 2280 1654 facile
2312 1607 2443 1680 ap-

269 1683 574 1774 pareret
632 1702 786 1749 non
850 1674 1094 1749 solum
1214 1702 1380 1747 uam
1441 1679 1742 1772 gratum
1787 1674 2250 1764 *illidonum
2301 1678 2439 1751 sed

272 1777 496 1848 etiam
561 1799 779 1873 quam
845 1775 1042 1871 aptis
1115 1700 1209 1845 all
1277 1775 1654 1845 servitium
1722 1770 2145 1846 hominibus
2191 1772 2438 1847 dedis-

264 1868 584 1963 sautu).
680 1872 847 1943 Nos
898 1895 994 1942 ex
1045 1868 1159 1942 his
1206 1894 1402 1941 nunc
1455 1868 1605 1942 duo
1652 1872 1939 1944 tantum
1990 1895 2436 1945 commemo-

264 1965 640 2041 rabimus:
713 1993 933 2040 sacra
999 1968 1096 2038 iis
1168 1973 1243 2039 et
1317 1970 1815 2039 caerimonias
1887 1970 2239 2064 tanquam
2312 1967 2478 2070 dis,

266 2060 784 2138 serratoribus
847 2063 1225 2152 decretas,
1309 2089 1749 2162 annuosque
1810 2067 2248 2139 sacerdotes
2312 2069 2425 2137 in-

265 2164 602 2255 stitutos,
664 2187 978 2261 quorum
1029 2157 1457 2232 nominibus
1508 2165 1720 2253 anni,
1793 2166 1877 2232 ut
1926 2160 2100 2233 olim
2153 2159 2248 2234 ab
2299 2188 2423 2235 ar-

263 2258 705 2349 chontibus,
781 2258 1411 2355 signarent11r¹⁵),
1485 2256 1961 2356 tribuumque
2035 2284 2419 2332 numerum

261 2360 583 2446 auctum,
632 2357 718 2428 ut
765 2381 1005 2428 novae
1058 2352 1249 2427 duae
1300 2353 1772 2446 accederent,
1825 2354 1922 2426 ab
1958 2352 2253 2426 illorum
2281 2381 2419 2427 no-

256 2452 583 2528 minibus
659 2451 1123 2553 appellatae,
1204 2455 1609 2552 Antigonia
1685 2459 1762 2527 et
1833 2452 2260 2545 Demetrias
2291 2453 2416 2550 1ὅ).

255 2769 345 2823 75.
414 2768 607 2823 Str-al».
652 2769 745 2822 lx
787 2787 846 2842 p.
882 2770 1003 2826 398.
1074 2771 1192 2826 Dio
1229 2767 1526 2841 chrysost.
1561 2787 1645 2825 or.
1676 2769 1749 2826 37
1783 2789 1841 2842 p.
1874 2768 1982 2824 465
2016 2766 2221 2824 Reisk.
2255 2766 2411 2822 Plio.

246 2841 323 2895 Β.
361 2842 441 2894 Ν.
473 2842 765 2905 XXXIV,
800 2843 852 2897 6.

395 2962 490 3030 13)
541 2966 633 3018 De
667 2969 870 3019 insana
903 2968 1180 3022 Demetrii
1214 2967 1445 3020 luxuria
1481 2971 1541 3020 et
1574 2964 1816 3023 mollitie
1848 2970 2026 3019 testes
2062 2970 2199 3017 sunt
2233 2964 2409 3017 Duris

249 3040 309 3089 et
357 3036 658 3106 Carystius
704 3039 853 3109 apud
899 3041 1177 3094 Athenae.
1246 3040 1368 3093 XII
1408 3057 1464 3108 p.
1511 3040 1636 3104 542,
1695 3041 1792 3110 qui
1830 3039 2048 3089 etiamsi
2083 3056 2202 3089 rem
2238 3038 2408 3088 nimis

246 3126 626 3176 exaggerasse
661 3112 945 3173 videntur,
990 3130 1346 3184 nequaquam
1384 3119 1578 3164 tamen
1613 3110 1935 3163 refutantur
1971 3108 2211 3162 aliorum
2246 3110 2407 3160 testi·

244 3182 482 3302 irftzorniis,l
532 3181 738 3305 qgiltms
776 3188 875 3238 aut
897 3185 1154 3308 leruditioet)
1181 3182 1851 3307 giribautfeliygubliggg
1890 3182 1974 3307 231·
2000 3199 2069 3304 οᾶ)
2109 3180 2407 3304 (ἶι-(ὲίῐῧιιίΙειΙθ

311 3270 430 3303 rma
488 3270 558 3303 au
603 3273 636 3307 a
664 3273 730 3305 ur
824 3272 895 3304 ua
922 3274 975 3306 ia
1010 3274 1117 3308 sun
1255 3275 1314 3306 ra
1359 3273 1484 3305 oms
1688 3289 1706 3309 .
1849 3292 1860 3304 .
1959 3272 2013 3304 no
2058 3272 2144 3304 orn
2383 3288 2403 3315 ,

246 3322 336 3376 74.
419 3274 843 3396 ΟΙοοιοιιίε,Ρῗ-.
893 3326 1097 3381 Rabir.
1146 3347 1192 3380 o.
1241 3327 1292 3381 9.
1341 3328 1413 3379 de
1468 3273 1746 3392 legg.PIl,
1782 3324 1870 3378 26.
1943 3326 2046 3388 Ill,
2085 3326 2137 3378 6.
2214 3322 2306 3376 Of.
2345 3330 2405 3375 et

249 3394 513 3446 Grauert-
597 3434 610 3447 .
659 3397 766 3451 319
819 3416 941 3470 sqq.
983 3427 1047 3443 --
1121 3399 1387 3452 Ceterum
1438 3398 1983 3452 administrationem
2018 3394 2405 3467 reipublicae

556 3416 822 3521 1lJemetr.
872 3489 922 3523 c.
976 3472 1042 3525 10
1089 3471 1228 3542 λόγῳ
1271 3471 1374 3542 μὲν
1407 3469 1765 3540 ὀλιγαρχικήν,
1818 3471 1955 3542 ἔργῳ
1992 3468 2046 3521 δὲ
2081 3464 2404 3540 μοναρχικῆν

242 3536 411 3604 dicim
475 3538 684 3591 Strabo
735 3548 950 3601 contra,
994 3541 1052 3596 οὗ
1084 3542 1249 3616 μόνον
1281 3543 1338 3594 οὗ
1373 3544 1601 3595 κατέλυσε
1641 3538 1729 3607 τὴν
1763 3539 2111 3614 δημοκρατίαν
2144 3537 2274 3591 ἀλλά
2307 3537 2401 3591 καὶ

237 3609 610 3682 ἐπανώρθωσε,
667 3610 884 3665 scilicet
919 3614 1158 3669 formam
1194 3617 1386 3684 potius
1425 3622 1716 3667 externam
1756 3632 1923 3683 quam
1960 3620 2170 3664 statum
2205 3629 2397 3663 rerum

239 3681 488 3739 intuens.
557 3684 606 3734 A
644 3682 929 3736 Pausania
966 3688 1012 3750 1,
1050 3688 1136 3751 25,
1173 3689 1222 3739 5.
1258 3694 1540 3754 tyrannus
1579 3685 1903 3738 Demetrius
1957 3684 2189 3750 dicitur3
2257 3685 2395 3735 item

244 3769 279 3807 a
313 3750 577 3805 Phaedro
615 3753 731 3805 fab.
772 3756 849 3822 V,
890 3757 937 3822 l,
978 3757 1061 3810 14.
1135 3757 1316 3810 Plura
1351 3757 1469 3810 vid.
1508 3776 1599 3830 ap.
1638 3756 1859 3812 Dohrn.
1897 3775 1954 3827 p.
1992 3756 2089 3838 22.-

379 3857 477 3927 14)
514 3858 807 3914 Plutarch.
843 3865 1096 3919 Demetr.
1134 3883 1182 3916 e.
1221 3865 1449 3918 10-13.
1900 3888 1904 3891 ·

379 3960 478 4033 15)
512 3966 594 4019 ld.
629 3968 707 4022 ib.
747 3987 791 4022 e.
833 3970 918 4026 10.

378 4066 477 4138 16)
513 4071 595 4124 Id.
632 4074 712 4131 ib.
749 4074 820 4127 ef.
858 4076 1107 4132 Pausan.
1145 4075 1216 4146 X,
1256 4079 1338 4147 10,
1383 4078 1447 4131 Ι.-
1492 4079 1857 4150 Praepositas
1892 4078 1998 4134 has
2035 4080 2175 4133 duas
2198 4076 2395 4129 decem

233 4142 527 4197 veteribus
568 4162 717 4212 esse,
775 4148 835 4199 id
887 4149 1039 4219 quod
1093 4153 1204 4202 iam
1247 4150 1548 4203 Dodwello
1588 4149 1659 4202 de
1696 4152 1839 4221 cycl.
1874 4152 1964 4205 ΙΙΙ
2001 4173 2044 4205 s.
2082 4152 2152 4205 39
2188 4153 2394 4212 visum,

232 4221 434 4268 contra
484 4217 807 4280 cors-'nium
845 4220 1001 4273 Fast.
1037 4223 1156 4274 Att.
1192 4224 1223 4275 I
1257 4234 1312 4286 p.
1355 4224 1452 4276 127
1496 4230 1552 4272 et
1588 4223 1689 4274 177
1727 4224 1993 4294 probavit
2029 4220 2280 4275 Boeckh.
2322 4219 2395 4270 ad

232 4290 408 4358 Gorp.
449 4287 624 4344 Inser-
661 4290 686 4340 1
722 4309 775 4360 p.
823 4292 939 4345 153.
978 4318 1050 4330 --
1088 4295 1352 4347 Ceterum
1395 4296 1566 4345 etiam
1603 4296 1863 4348 triremes
1901 4315 2110 4362 sacras,
2147 4297 2390 4359 Antigo-

229 4359 421 4411 nidem
463 4365 520 4410 et
555 4361 996 4430 Demetriadem,
1036 4364 1378 4421 addiderunt
1414 4367 1764 4421 Salaminiae
1804 4374 1861 4420 et
1897 4368 2178 4425 Paraliae.
2245 4364 2387 4418 Vid-

228 4430 303 4483 id.
340 4431 412 4484 de
449 4449 573 4484 oec.
610 4451 655 4485 r.
682 4453 739 4506 p.
776 4437 849 4491 A.
882 4434 912 4487 1
949 4454 1000 4507 p.
1041 4435 1163 4490 259.
