3067 4975
460 281 467 286 Ι
536 270 639 395 22
686 295 693 299 ⁴
877 322 947 396 Ι.
998 322 1117 400 Dc
1171 290 1552 394 Graeciae
1600 320 1758 398 situ
1804 346 2066 418 magn.
2105 334 2365 424 parti.

540 504 787 578 latera
863 506 1070 577 sinus
1145 499 1591 578 Ambracius
1620 502 1717 602 ¹⁵)
1796 504 1873 581 et
1931 529 2140 581 marc
2213 502 2550 580 Siculum
2616 504 2725 578 al·-

543 599 777 677 luunt.
879 599 1182 674 Incolae
1249 605 1499 674 tamen
1566 600 1795 701 longe
1860 607 2104 677 minus
2173 628 2393 704 quam
2472 602 2727 676 Aetoli

548 722 710 773 cum
764 695 1109 771 barbaris
1156 701 1399 773 mixti.
2163 760 2168 764 .

1521 871 1588 949 ᾗ.
1638 868 1771 939 IV.

742 999 885 1072 Hic
949 996 1044 1071 ad
1111 1025 1462 1072 occasum
1516 1000 1888 1073 Graeciae
1954 995 2338 1074 terminus.
2437 1001 2726 1076 Rever-

551 1100 654 1171 sis
721 1097 968 1168 autem
1038 1093 1134 1168 ad
1183 1097 1609 1169 Parnasum
1675 1096 1879 1169 'edita
1941 1100 2140 1170 inter
2200 1096 2398 1171 hunc
2452 1102 2529 1173 et
2578 1103 2727 1177 Oe-

546 1197 698 1267 tam
742 1191 909 1266 loca
928 1196 1357 1266 ..occurrunt
1394 1193 1488 1267 ad
1522 1192 1744 1266 Pindi
1779 1195 1855 1266 et
1887 1194 2193 1293 Cephisi
2236 1192 2727 1290 confluentes,

550 1317 865 1393 quorum
893 1288 1081 1363 alter
1101 1287 1196 1362 ab
1217 1292 1436 1381 Oeta,
1458 1290 1650 1363 alter
1669 1290 2074 1363 aParnaso
2093 1287 2353 1366 defluit
2383 1294 2472 1391 ¹).
2519 1295 2731 1366 Haec

527 1388 720 1462 ,loca
752 1389 1008 1459 Dores
1053 1386 1522 1479 insederunt,
1580 1413 1840 1460 eorum
1885 1392 2237 1482 maioreS,
2286 1393 2410 1490 qni
2458 1388 2730 1465 deinde

545 1483 1157 1584 Peloponnesum
1210 1483 1372 1558 fere
1426 1492 1660 1556 totam
1713 1510 1901 1557 occu
1958 1488 2204 1559 arunt.
2254 1533 2352 1543 -—
2442 1489 2579 1559 His
2632 1486 2728 1561 ad

549 1580 891 1655 dextram
953 1606 1056 1655 ex
1108 1582 1417 1655 Oetaeis
1466 1579 1849 1654 montibus
1977 1607 2192 1655 urum
2241 1608 2502 1657 versus
2531 1586 2730 1658 Cne-

546 1683 688 1752 mis
743 1680 1075 1776 assurgit
1103 1677 1196 1770 ²),
1250 1705 1465 1779 quem
1523 1678 1876 1778 deinceps
1924 1683 2289 1754 Acontius
2353 1708 2515 1754 cum
2574 1680 2729 1756 He·

554 1774 784 1871 dylio,
836 1776 1119 1867 Ptoon,
1174 1778 1578 1873 Cerycion,
1631 1777 1925 1849 Parnes
1953 1779 2342 1874 excipiunt
2367 1780 2465 1875 3),
2516 1782 2733 1852 iuxta

549 1876 780 1946 maris
830 1869 1151 1944 Euboici
1206 1875 1282 1947 elz
1329 1874 1597 1971 Euripi
1647 1871 1906 1945 littora
2012 1878 2212 1947 ositi.
2292 1876 2463 1948 -His
2516 1902 2557 1949 e
2608 1902 2729 1949 re-

608 1972 780 2043 ione
845 1966 1156 2041 declivia
1218 1971 1581 2062 Parnasi,
1667 1968 1837 2041 dein
1918 1900 2287 2044 {feliconii
2365 1970 2596 2045 colles
2622 1972 2729 2067 ⁴):

547 1995 692 2138 fios
741 2091 1000 2140 rursus
1056 2064 1536 2139 Cithaeronis
1589 2064 1828 2139 saltus
1884 2070 2197 2167 excipit,
2316 2071 2391 2141 ui
2440 2071 2729 2142 Parne-

548 2161 751 2236 them
805 2163 1177 2260 contingit
1204 2163 1296 2261 ⁵).
1396 2166 1515 2236 lta
1567 2160 1639 2235 hi
1687 2166 1982 2237 montes
2035 2191 2271 2238 conva
2306 2165 2444 2239 lem
2495 2165 2731 2239 inclu-

553 2259 738 2333 dunt
803 2255 899 2332 ab
954 2259 1153 2332 Oeta
1215 2259 1308 2333 ad
1358 2258 1814 2333 Parnethem
1879 2262 2021 2333 DI.
2086 2260 2250 2335 sere
2314 2261 2729 2337 stadiorum

549 2353 1022 2454 longitudine
1126 2361 1542 2451 orrectam,
1615 2383 1835 2458 quam
1898 2357 2271 2458 Cephisus
2332 2364 2568 2433 amnis
2621 2361 2729 2434 di-

547 2455 846 2529 midiam
906 2382 1242 2553 perfluit,
1311 2454 1553 2529 donec
1618 2458 1692 2527 in
1757 2453 2003 2528 media
2070 2458 2229 2529 eius
2296 2458 2515 2558 parte
2585 2460 2732 2534 Co-

547 2553 774 2654 paide
840 2552 1009 2625 lacu
1070 2556 1466 2651 excipitur.
1566 2553 1979 2626 Exteriora
2041 2552 2306 2627 horum
2370 2559 2728 2631 montium

555 2648 867 2724 declivia
918 2650 1012 2721 ad
1062 2675 1270 2724 mare
1323 2648 1826 2741 descendunt,
1889 2655 2362 2750 superiorum
2427 2652 2523 2726 ad
2571 2655 2727 2727 Eu-

549 2743 852 2822 boicum
930 2747 1006 2818 et
1067 2748 1468 2845 Euripum,
1546 2745 1988 2820 inferiorum
2066 2745 2159 2821 ad
2239 2754 2479 2824 sinum
2560 2754 2728 2825 Cri-

554 2871 835 2920 saeum.
936 2840 1252 2917 Euboici
1302 2846 1533 2917 maris
1586 2843 1841 2917 littora
1891 2841 2089 2918 infra
2142 2848 2454 2921 Cnemin
2517 2874 2728 2924 mon-

551 2945 704 3017 tem
753 2943 982 3013 Locri
1034 2938 1313 3015 habent
1358 2940 1877 3039 Epicnemidii,
1928 2940 2125 3015 inl'ra
2166 2946 2561 3020 Acontium
2609 2973 2732 3020 us-

553 3067 697 3144 que
748 3037 843 3112 ad
867 3038 1049 3111 Ptoi
1085 3037 1380 3114 radices
1418 3040 1754 3139 Opuntii,
1804 3037 1977 3112 loca
2001 3046 2406 3145 maximam
2434 3049 2731 3142 partem

695 3283 790 3344 15>
831 3287 951 3349 Qui
974 3286 1356 3339 :Acarnaniam
1395 3281 1470 3336 acl
1504 3286 1952 3355 septentrionem
1972 3282 2152 3356 Epiro
2179 3288 2475 3339 terminari
2514 3258 2731 3353 dicunt,

553 3353 592 3408 h
647 3356 1013 3410 Ambiaciam
1053 3364 1111 3412 et
1145 3358 1336 3423 Argos
1371 3354 1899 3425 Amphilochicum,
1988 3375 2099 3410 uae
2147 3359 2273 3429 ipso
2329 3359 2445 3410 situ
2482 3358 2554 3409 ad
2591 3358 2732 3429 Epi.

553 3445 679 3479 rum
730 3432 1044 3552 pertinent,
1095 3430 1459 3481 Acarnaniae
1510 3437 1833 3483 accensent.
1926 3427 2073 3482 Pin.
2122 3429 2241 3499 IV,
2291 3430 2343 3483 l.
2380 3427 2455 3482 cf.
2494 3427 2728 3500 Scylac.

554 3499 726 3572 Perip
750 3536 766 3553 .
800 3520 855 3572 p.
889 3500 974 3555 28.
1017 3501 1276 3554 Gronau
1316 3496 1510 3552 Strah.
1547 3501 1625 3568 X,
1662 3502 1699 3555 2
1734 3519 1789 3572 p.
1824 3499 1950 3553 450.

695 3606 755 3673 1)
794 3606 986 3660 strab.
1024 3608 1132 3674 1x,
1169 3606 1206 3659 4
1241 3625 1299 3677 p.
1338 3605 1460 3660 427.
1819 3590 1822 3595 ’

695 3695 750 3762 2)
788 3696 875 3749 Id.
910 3697 1019 3763 lx,
1053 3696 1090 3749 3
1123 3715 1182 3768 p.
1219 3694 1326 3748 416
1365 3699 1508 3749 extr.
1547 3693 1811 3749 Eustath.
1850 3694 1921 3748 ad
1959 3697 2205 3767 Dionys.
2237 3716 2293 3768 p.
2321 3697 2446 3750 425.

690 3784 753 3849 3)
790 3784 983 3837 8ιτὺ1ι.
1023 3784 1132 3845 lx,
1169 3784 1205 3837 2
1244 3801 1300 3854 p.
1337 3782 1465 3850 413,
1501 3784 1629 3836 416.
1666 3786 1918 3837 Pausan.
1956 3785 2064 3852 IX,
2102 3785 2278 3853 23,.3,
2315 3787 2367 3838 4.
2408 3783 2729 3839 Groskurd.

556 3851 628 3906 ad
665 3856 853 3909 Str-ab.
893 3862 1032 3910 tom.
1071 3856 1150 3921 11,
1186 3874 1242 3926 p.
1279 3855 1401 3908 200.
1454 3854 1725 3909 Mueller.
1762 3853 2032 3911 Orchom.
2071 3875 2128 3927 p.
2163 3857 2250 3923 24,
2287 3857 2376 3924 34,
2412 3857 2503 3910 39.
2548 3858 2727 3911 KruS.

552 3925 640 3988 11,
678 3929 707 3982 1
759 3947 812 3999 p.
849 3929 982 3995 420,
1017 3927 1154 3991 421,
1190 3925 1316 3980 431.
1361 3926 1454 3994 11,
1501 3928 1539 3979 2
1583 3946 1641 3997 1».
1680 3931 1734 3982 4.
1814 3925 2096 3983 Thiersch
2148 3928 2268 3981 ctat
2316 3926 2504 3981 actuel
2553 3925 2625 3980 dc
2668 3928 2729 3981 la

555 3997 742 4052 Greco
777 4007 912 4052 tom.
951 4000 1012 4052 11
1046 4018 1102 4071 p.
1138 3998 1226 4052 23.

686 4083 753 4155 4)
797 4089 967 4142 κη..
1003 4088 1082 4153 11,
1123 4088 1154 4139 1
1192 4106 1250 4158 p.
1288 4082 1415 4141 424.

688 4174 754 4243 5)
794 4174 880 4230 ld.
916 4175 995 4231 ib.
1077 4213 1092 4228 .
1132 4176 1196 4241 4,
1234 4174 1287 4228 6.
1358 4175 1629 4229 Mueller.
1669 4175 1939 4231 Orchom·
2030 4214 2046 4230 .
2084 4180 2173 4234 22.
2248 4176 2339 4232 Cf.
2381 4185 2439 4232 et
2472 4174 2730 4230 Wheler

549 4264 778 4382 ἷέἔθαξο
830 4249 1040 4375 ᾶεέΤΙῖΜι
1065 4248 1269 4310 matie,
1322 4245 1393 4300 de
1434 4247 1622 4301 Grece
1659 4255 1766 4306 etc.
1804 4249 1948 4302 trad.
2025 4269 2056 4303 e
2092 4248 2375 4321 l’Anglais
2412 4248 2727 4318 (Amsterd.

692 4356 706 4372 .
777 4339 835 4392 p.
985 4355 1001 4372 .
