3067 4975
633 399 690 472 I
706 399 779 471 V.
836 404 898 471 1.
924 382 1065 469 ⁸De
1115 396 1691 495 Spartanorum
1734 417 1826 468 re
1854 346 2198 504 publica.
2357 394 2497 468 141

328 577 826 679 epiclerorum
877 580 1158 678 nuptiis
1205 579 1324 652 ius
1373 572 1756 674 are-gibus
1785 573 2179 652 dicebatur
2205 582 2310 672 ⁶):
2362 576 2498 654 ‹lo-

325 682 446 750 tes
512 674 812 749 filiabus
879 679 1285 776 antiquitus
1348 672 1597 746 nullae
1663 670 2042 750 dabantur
2066 675 2160 773 ⁷).
2256 675 2496 750 Habi-

327 781 495 848 tare
546 799 711 846 cum
757 798 1209 849 uxorenon
1263 769 1548 845 licebat
1597 773 1771 844 ante
1829 775 2297 868 trigesimum
2365 799 2492 847 ae·

327 874 508 943 tatis
569 892 879 943 annumz
957 873 1084 970 qui
1145 870 1511 941 maturius
1548 865 1980 941 “duxissent
2051 870 2191 943 hos
2259 868 2495 944 nihilo

329 971 572 1049 minus
662 992 827 1040 cum
915 969 1189 1040 ceteris
1283 963 1895 1039 adolescentibus
1973 969 2053 1040 et
2132 971 2499 1041 exercitia

325 1067 746 1139 communia
809 1060 1024 1137 obire
1092 1065 1168 1137 et
1214 1067 1292 1136 in
1343 1059 1857 1137 communibus
1907 1061 2273 1138 cubilibus
2319 1090 2497 1162 per-

322 1167 638 1235 noctare
689 1157 1142 1259 oportebat,
1203 1162 1290 1233 ut
1348 1158 1604 1233 furti-m
1665 1160 2181 1235 tantummodo
2234 1165 2313 1235 et
2357 1186 2499 1259 per

320 1256 718 1332 intervalla
769 1282 1057 1331 uxores
1105 1261 1430 1332 invisere
1453 1260 1769 1354 possent
1793 1257 1884 1348 ⁸).
1960 1260 2306 1333 Divortia
2331 1285 2497 1333 cum

281 1377 285 1381 ·
326 1353 563 1429 sterili
613 1353 926 1429 muliere
976 1352 1229 1427 facilia
1279 1359 1357 1427 et
1382 1355 1718 1451 legitima
1743 1357 1844 1448 9):
1897 1354 2278 1429 sedetiam
2313 1356 2497 1430 alie-

322 1478 468 1525 nos
516 1455 723 1525 viros
769 1455 847 1525 in
898 1454 1166 1524 uxoris
1216 1449 1412 1524 lecto
1465 1449 1846 1527 collocare
1893 1458 2168 1528 marito
2197 1453 2498 1546 licebat,

319 1552 409 1622 ut
454 1546 756 1639 illorum
806 1574 1042 1647 opera
1092 1543 1435 1621 subolem
1497 1545 1644 1621 sibi
1706 1557 2104 1650 quaereret
2130 1554 2243 1632 ¹⁰).
2346 1554 2495 1624 Ce-

319 1647 564 1720 terum
613 1648 1257 1719 matrimoniorum
1288 1649 1671 1719 'sanctitas
1722 1643 1950 1719 nihilo
2017 1651 2264 1720 minus
2315 1647 2493 1721 reli-

322 1743 547 1840 giose
575 1740 1156 1835 observabatur,
1182 1745 1718 1842 rarissimaque
1746 1745 1961 1817 erant
1985 1742 2353 1818 adulteria
2375 1747 2495 1837 ¹¹).

224 1872 238 1887 ·
321 1843 635 1913 Mutuus
707 1843 926 1912 coniu
989 1863 1112 1912 um
1178 1863 1403 1914 amor‘
1455 1846 1530 1912 et
1589 1844 2003 1914 animorum
2068 1841 2496 1915 conciliatio

322 1939 548 2011 etiam
593 1941 837 2009 maior
885 1864 987 2009 all
1038 1942 1274 2009 nanto
1337 1960 1560 2037 quam
1626 1936 1821 2035 apud
1891 1945 2193 2013 ceteros
2256 1938 2494 2013 Grae-

321 2059 499 2127 coS,
565 1961 1162 2134 quandoquiaem
1227 2059 1274 2105 a
1330 2037 1663 2106 virorum
1714 2032 1984 2108 studiis
2035 2044 2111 2109 et
2155 2033 2498 2110 moribus

320 2134 564 2203 minus
616 2156 836 2232 quam
885 2129 1061 2205 alibi
1114 2130 1546 2228 Spartanae
1575 2130 1925 2205 mulieres
1954 2128 2494 2228 abhorrebant,

318 2235 407 2300 ut
451 2230 530 2300 in
577 2232 863 2301 maiore
913 2227 1113 2327 apud
1164 2230 1530 2327 coniuges
1582 2226 1871 2303 bonore
1920 2247 2065 2304 nec
2122 2229 2301 2305 lecti
2365 2255 2493 2304 so-

318 2323 471 2430 lum
522 2323 659 2400 sed
708 2327 910 2400 vitae
960 2325 1361 2399 consortes
1413 2332 1670 2400 essent
1698 2326 1821 2422 ¹¹2).

510 2642 885 2738 Arcendis
964 2688 1012 2736 a
1075 2536 1374 2737 civ-igue
1440 2661 2042 2763 corruptelarum
2113 2659 2492 2740 illecebris

319 2757 643 2858 plurima
704 2757 1005 2859 legibus
1070 2761 1291 2834 cauta
1360 2762 1614 2856 erant=
1676 2768 1762 2834 ut
1822 2765 2066 2836 victus
2127 2766 2239 2836 ita
2301 2760 2493 2838 alius

320 2860 564 2934 omnis
616 2857 862 2931 cultus
913 2854 1317 2930 admodum
1365 2883 1645 2955 parcus
1696 2865 1773 2932 et
1835 2858 1954 2934 sru
2018 2859 2199 2934 alis:
2260 2863 2493 2933 vesti-

314 2955 438 3031 tus
482 2958 735 3050 ¹tenuis
787 2952 1281 3055 omnibusque
1327 2954 1527 3029 idem
1558 2955 1645 3050 ¹),
1718 2885 2116 3054 suppefiex
2177 2958 2495 3030 materia

330 3095 734 3124 *-

459 3159 520 3229 6)
557 3162 700 3216 vid.
736 3181 891 3236 supr.
929 3157 982 3233 §.
1006 3161 1092 3216 ll·

455 3264 522 3339 7)
559 3267 854 3323 Plutarch.
900 3267 1193 3341 Apophth.
1237 3269 1373 3324 Lao.
1394 3275 1550 3332 lom.
1584 3271 1647 3324 11
1693 3271 1895 3343 P0'149
1926 3273 2189 3334 Tauehn.
2259 3280 2491 3340 Aelian.

206 3393 209 3396 ,
314 3342 396 3395 V·
431 3343 504 3395 Η.
540 3342 650 3409 vl,
687 3342 739 3395 6.
802 3343 1002 3394 Iustin-
1042 3342 1147 3408 111,
1184 3342 1236 3396 3.
1276 3369 1342 3381 —
1378 3343 1596 3396 Postea
1632 3348 1830 3400 tamen
1862 3343 1974 3398 hoc
2008 3349 2367 3407 immutatum
2406 3363 2495 3410 est

318 3420 378 3494 et
414 3411 796 3488 amplissimae
834 3431 1006 3484 saepe
1045 3412 1211 3466 dotes
1248 3414 1434 3470 datae.
1490 3416 1735 3470 Aristot.
1772 3417 1945 3472 Polie.
1980 3421 2056 3487 Π,
2093 3420 2145 3489 6,
2187 3423 2273 3478 ll.

322 3573 331 3582 ,
454 3517 520 3589 8)
555 3518 852 3574 Plutarch.
887 3520 1137 3590 Lycurg.
1172 3519 1215 3572 1.
1250 3518 1290 3577 l.
1351 3519 1641 3594 Apophth.
1676 3523 1813 3579 Lac.
1852 3545 1909 3598 Ρ.
1931 3525 2037 3581 149
2072 3546 2167 3584 no.
2190 3530 2274 3585 17.
2316 3532 2489 3590 Hans.

315 3591 392 3654 ad
425 3591 786 3680 Xenopbrr.
824 3592 892 3649 Ῑι.
929 3612 984 3663 Ρ.
1024 3593 1112 3652 51.
1989 3621 1992 3630 ·

454 3697 521 3770 9)
560 3698 652 3755 Cf.
689 3697 906 3756 Herod.
946 3699 1022 3767 V,
1056 3698 1147 3754 39.
1213 3699 1322 3770 VI,
1359 3701 1445 3756 61.

324 3803 347 3830 ”
422 3781 437 3790 '⁰
456 3805 557 3874 lo)
593 3804 864 3894 Xenopb.
884 3806 1018 3859 ι·.’Ῑι.
1041 3806 1091 3874 I,
1111 3807 1163 3861 7.
1220 3808 1513 3864 Plutarch.
1536 3827 1585 3863 c.
1607 3802 1697 3864 1'5.
1757 3809 2024 3878 Mueller.
2041 3831 2096 3885 Ρ.
2120 3814 2242 3870 199.
2295 3768 2485 3877 Etiam

310 3878 575 3951 pluribus
622 3875 897 3930 fratnbus
945 3896 1363 3964 nonnunquam¹
1407 3900 1765 3936 communem
1808 3900 2047 3937 uxorem
2091 3885 2270 3954 fuisse
2315 3910 2490 3965 supra

307 3950 556 4004 vidimus
594 3948 650 4017 ξ.
689 3950 742 4016 7,
779 3949 865 4002 12.
2121 3973 2158 3982 -·
2399 3981 2402 3986 .

457 4052 556 4125 ιι)
593 4053 887 4110 Plutarch.
924 4053 962 4109 1.
991 4054 1031 4109 1.

392 4153 395 4158 ⁶
453 4158 554 4233 12)
592 4164 683 4217 De
716 4135 1116 4238 yvvoenaeolepoerlqc
1155 4158 1591 4239 (γυναικοκρασίᾳ
1628 4167 1949 4237 Wystenb.
1986 4170 2059 4223 ad
2094 4172 2250 4232 Plut.
2271 4178 2483 4234 Mol-al.

309 4241 448 4291 tom.
485 4237 516 4288 1
549 4254 603 4306 Ρ.
645 4236 747 4291 150
780 4232 970 4307 ΙιίΡε.)
1007 4236 1423 4305 Spartanorum
1464 4236 1539 4290 cf.
1576 4235 1872 4293 Plutarch.
1909 4242 2148 4310 Agidm.
2172 4246 2222 4300 7.
2283 4250 2484 4321 Gomp-

308 4307 556 4378 Lycurg.
597 4325 644 4364 c.
680 4309 856 4361 Num.
897 4324 944 4360 c.
983 4307 1019 4361 3
1056 4311 1114 4359 et
1147 4304 1316 4375 plura
1353 4324 1444 4378 ap.
1479 4307 1751 4364 Mueller.
1784 4332 1842 4385 Ρ.
1880 4315 2008 4372 287.
2155 4345 2158 4348 >

449 4409 513 4483 l)
549 4416 789 4469 Aristot.
829 4412 1003 4468 Polit.
1040 4413 1152 4477 lv,
1191 4412 1242 4479 7,
1277 4412 1330 4468 5.
1379 4412 1453 4470 cf.
1495 4412 1763 4488 Thucyd.
1800 4420 1849 4490 Ι,
1884 4421 1937 4477 Β.
1998 4422 2169 4492 Cras.
2203 4423 2311 4487 m,
2346 4423 2399 4488 6,
2438 4421 2487 4479 l.
