<?xml version="1.0" encoding="UTF-8"?>
<!DOCTYPE html PUBLIC "-//W3C//DTD XHTML 1.0 Transitional//EN"
    "http://www.w3.org/TR/xhtml1/DTD/xhtml1-transitional.dtd">
<html xmlns="http://www.w3.org/1999/xhtml" xml:lang="en" lang="en">
 <head>
  <title>
</title>
<meta http-equiv="Content-Type" content="text/html;charset=utf-8" />
  <meta name='ocr-system' content='tesseract 3.04.00' />
  <meta name='ocr-capabilities' content='ocr_page ocr_carea ocr_par ocr_line ocrx_word'/>
</head>
<body>
  <div class='ocr_page' id='page_1' title='image "antiquitatesiur00schgoog_0440.png"; bbox 0 0 3067 4975; ppageno 0'>
   <div class='ocr_carea' id='block_1_1' title="bbox 617 303 2418 454">
    <p class='ocr_par' dir='ltr' id='par_1_1' title="bbox 617 303 2418 454">
     <span class='ocr_line' id='line_1_1' title="bbox 617 303 2418 454; baseline -0.006 -10"><span class='ocrx_word' id='word_1_1' title='bbox 617 366 768 446; x_wconf 73' lang='lat'><strong>,432</strong></span> <span class='ocrx_word' id='word_1_2' title='bbox 975 303 1001 322; x_wconf 65' lang='lat'><strong>‘-</strong></span> <span class='ocrx_word' id='word_1_3' title='bbox 1043 363 1176 442; x_wconf 66' lang='grc' dir='ltr'><strong>ΡΙ.</strong></span> <span class='ocrx_word' id='word_1_4' title='bbox 1222 363 1342 439; x_wconf 73' lang='lat' dir='ltr'><strong>De</strong></span> <span class='ocrx_word' id='word_1_5' title='bbox 1387 358 1768 437; x_wconf 59' lang='lat' dir='ltr'><strong>{mutum</strong></span> <span class='ocrx_word' id='word_1_6' title='bbox 1812 356 2009 432; x_wconf 69' lang='lat' dir='ltr'><strong>u‘urv‘s</strong></span> <span class='ocrx_word' id='word_1_7' title='bbox 2046 357 2418 454; x_wconf 62' lang='lat' dir='ltr'><strong>gentium.</strong></span> 
     </span>
    </p>
   </div>
   <div class='ocr_carea' id='block_1_2' title="bbox 619 537 2807 1802">
    <p class='ocr_par' dir='ltr' id='par_1_2' title="bbox 619 537 2807 1802">
     <span class='ocr_line' id='line_1_2' title="bbox 619 537 2795 640; baseline -0.008 -12"><span class='ocrx_word' id='word_1_8' title='bbox 619 548 933 630; x_wconf 82' lang='lat' dir='ltr'><strong>fiebant.</strong></span> <span class='ocrx_word' id='word_1_9' title='bbox 986 565 995 584; x_wconf 67' lang='grc'><strong>”’</strong></span> <span class='ocrx_word' id='word_1_10' title='bbox 1028 547 1219 622; x_wconf 86' lang='lat' dir='ltr'><strong>Nam</strong></span> <span class='ocrx_word' id='word_1_11' title='bbox 1266 543 1447 618; x_wconf 87' lang='lat' dir='ltr'><strong>licet</strong></span> <span class='ocrx_word' id='word_1_12' title='bbox 1493 537 1709 638; x_wconf 71' lang='lat' dir='ltr'><strong>leges</strong></span> <span class='ocrx_word' id='word_1_13' title='bbox 1756 565 1936 614; x_wconf 87' lang='lat' dir='ltr'><strong>suas</strong></span> <span class='ocrx_word' id='word_1_14' title='bbox 1986 548 2062 615; x_wconf 89' lang='lat' dir='ltr'><strong>et</strong></span> <span class='ocrx_word' id='word_1_15' title='bbox 2116 539 2608 640; x_wconf 70' lang='lat' dir='ltr'><strong>magistratus</strong></span> <span class='ocrx_word' id='word_1_16' title='bbox 2656 565 2795 613; x_wconf 58' lang='lat' dir='ltr'><strong>ree-2</strong></span> 
     </span>
     <span class='ocr_line' id='line_1_3' title="bbox 621 635 2794 737; baseline -0.007 -13"><span class='ocrx_word' id='word_1_17' title='bbox 621 647 1116 737; x_wconf 67' lang='lat' dir='ltr'><strong>tinerentffi),</strong></span> <span class='ocrx_word' id='word_1_18' title='bbox 1179 639 1528 716; x_wconf 89' lang='lat' dir='ltr'><strong>ordinata</strong></span> <span class='ocrx_word' id='word_1_19' title='bbox 1590 647 1834 711; x_wconf 87' lang='lat' dir='ltr'><strong>tamen</strong></span> <span class='ocrx_word' id='word_1_20' title='bbox 1900 641 2146 710; x_wconf 87' lang='lat' dir='ltr'><strong>omnia</strong></span> <span class='ocrx_word' id='word_1_21' title='bbox 2221 635 2317 711; x_wconf 85' lang='lat' dir='ltr'><strong>ad</strong></span> <span class='ocrx_word' id='word_1_22' title='bbox 2377 638 2794 710; x_wconf 83' lang='lat' dir='ltr'><strong>Athenien·-</strong></span> 
     </span>
     <span class='ocr_line' id='line_1_4' title="bbox 622 729 2794 834; baseline -0.009 -12"><span class='ocrx_word' id='word_1_23' title='bbox 622 750 811 823; x_wconf 89' lang='lat' dir='ltr'><strong>sium</strong></span> <span class='ocrx_word' id='word_1_24' title='bbox 863 740 1294 830; x_wconf 82' lang='lat' dir='ltr'><strong>formulam,</strong></span> <span class='ocrx_word' id='word_1_25' title='bbox 1357 740 1433 811; x_wconf 90' lang='lat' dir='ltr'><strong>et</strong></span> <span class='ocrx_word' id='word_1_26' title='bbox 1480 733 1848 834; x_wconf 83' lang='lat' dir='ltr'><strong>populare</strong></span> <span class='ocrx_word' id='word_1_27' title='bbox 1909 729 2039 808; x_wconf 91' lang='lat' dir='ltr'><strong>ubi</strong></span> <span class='ocrx_word' id='word_1_28' title='bbox 2091 760 2186 809; x_wconf 90' lang='lat' dir='ltr'><strong>ue</strong></span> <span class='ocrx_word' id='word_1_29' title='bbox 2235 737 2618 833; x_wconf 86' lang='lat' dir='ltr'><strong>imperium</strong></span> <span class='ocrx_word' id='word_1_30' title='bbox 2666 735 2794 804; x_wconf 90' lang='lat' dir='ltr'><strong>in-</strong></span> 
     </span>
     <span class='ocr_line' id='line_1_5' title="bbox 625 828 2795 932; baseline -0.007 -15"><span class='ocrx_word' id='word_1_31' title='bbox 625 841 1124 932; x_wconf 83' lang='lat' dir='ltr'><strong>stitutum¹⁷)3</strong></span> <span class='ocrx_word' id='word_1_32' title='bbox 1161 831 1512 911; x_wconf 78' lang='lat' dir='ltr'><strong>custodes</strong></span> <span class='ocrx_word' id='word_1_33' title='bbox 1531 856 1763 930; x_wconf 80' lang='lat' dir='ltr'><strong>porro</strong></span> <span class='ocrx_word' id='word_1_34' title='bbox 1791 828 2025 905; x_wconf 82' lang='lat' dir='ltr'><strong>identi</strong></span> <span class='ocrx_word' id='word_1_35' title='bbox 2081 857 2195 906; x_wconf 91' lang='lat' dir='ltr'><strong>em</strong></span> <span class='ocrx_word' id='word_1_36' title='bbox 2216 835 2666 929; x_wconf 83' lang='lat' dir='ltr'><strong>etinspecto-</strong></span> <span class='ocrx_word' id='word_1_37' title='bbox 2700 855 2795 902; x_wconf 86' lang='lat' dir='ltr'><strong>es</strong></span> 
     </span>
     <span class='ocr_line' id='line_1_6' title="bbox 623 927 2800 1032; baseline -0.007 -18"><span class='ocrx_word' id='word_1_38' title='bbox 623 940 937 1015; x_wconf 86' lang='lat' dir='ltr'><strong>Athenis</strong></span> <span class='ocrx_word' id='word_1_39' title='bbox 984 937 1230 1026; x_wconf 84' lang='lat' dir='ltr'><strong>missi,</strong></span> <span class='ocrx_word' id='word_1_40' title='bbox 1291 933 1417 1032; x_wconf 88' lang='lat' dir='ltr'><strong>qni</strong></span> <span class='ocrx_word' id='word_1_41' title='bbox 1467 930 1795 1024; x_wconf 79' lang='lat' dir='ltr'><strong>negotiis</strong></span> <span class='ocrx_word' id='word_1_42' title='bbox 1847 952 2102 1001; x_wconf 84' lang='lat' dir='ltr'><strong>eorum</strong></span> <span class='ocrx_word' id='word_1_43' title='bbox 2163 927 2800 1026; x_wconf 63' lang='lat' dir='ltr'><strong>invigilarentw),</strong></span> 
     </span>
     <span class='ocr_line' id='line_1_7' title="bbox 625 1021 2803 1133; baseline -0.007 -22"><span class='ocrx_word' id='word_1_44' title='bbox 625 1062 716 1110; x_wconf 88' lang='lat' dir='ltr'><strong>ac</strong></span> <span class='ocrx_word' id='word_1_45' title='bbox 777 1038 843 1109; x_wconf 91' lang='lat' dir='ltr'><strong>si</strong></span> <span class='ocrx_word' id='word_1_46' title='bbox 908 1036 1034 1133; x_wconf 90' lang='lat' dir='ltr'><strong>qui</strong></span> <span class='ocrx_word' id='word_1_47' title='bbox 1098 1030 1428 1129; x_wconf 90' lang='lat' dir='ltr'><strong>suspecti</strong></span> <span class='ocrx_word' id='word_1_48' title='bbox 1493 1030 1576 1100; x_wconf 86' lang='lat' dir='ltr'><strong>et</strong></span> <span class='ocrx_word' id='word_1_49' title='bbox 1628 1026 1846 1097; x_wconf 82' lang='lat' dir='ltr'><strong>invisi</strong></span> <span class='ocrx_word' id='word_1_50' title='bbox 1894 1021 2184 1116; x_wconf 82' lang='lat' dir='ltr'><strong>forent,</strong></span> <span class='ocrx_word' id='word_1_51' title='bbox 2248 1028 2318 1098; x_wconf 80' lang='lat' dir='ltr'><strong>vi</strong></span> <span class='ocrx_word' id='word_1_52' title='bbox 2386 1032 2462 1099; x_wconf 84' lang='lat' dir='ltr'><strong>et</strong></span> <span class='ocrx_word' id='word_1_53' title='bbox 2518 1026 2803 1123; x_wconf 91' lang='lat' dir='ltr'><strong>poenis</strong></span> 
     </span>
     <span class='ocr_line' id='line_1_8' title="bbox 628 1119 2804 1240; baseline -0.006 -34"><span class='ocrx_word' id='word_1_54' title='bbox 628 1133 939 1206; x_wconf 84' lang='lat' dir='ltr'><strong>coerciti</strong></span> <span class='ocrx_word' id='word_1_55' title='bbox 967 1131 1081 1220; x_wconf 83' lang='lat'><strong>¹⁹).</strong></span> <span class='ocrx_word' id='word_1_56' title='bbox 1179 1119 1605 1200; x_wconf 75' lang='lat' dir='ltr'><strong>Accedebat</strong></span> <span class='ocrx_word' id='word_1_57' title='bbox 1669 1127 1754 1193; x_wconf 82' lang='lat' dir='ltr'><strong>ut</strong></span> <span class='ocrx_word' id='word_1_58' title='bbox 1824 1121 2414 1195; x_wconf 83' lang='lat' dir='ltr'><strong>iurisdictionem</strong></span> <span class='ocrx_word' id='word_1_59' title='bbox 2490 1144 2804 1240; x_wconf 65' lang='lat' dir='ltr'><strong>quoque</strong></span> 
     </span>
     <span class='ocr_line' id='line_1_9' title="bbox 628 1215 2801 1318; baseline -0.006 -15"><span class='ocrx_word' id='word_1_60' title='bbox 628 1227 724 1302; x_wconf 89' lang='lat' dir='ltr'><strong>de</strong></span> <span class='ocrx_word' id='word_1_61' title='bbox 775 1231 1151 1302; x_wconf 86' lang='lat' dir='ltr'><strong>sociorum</strong></span> <span class='ocrx_word' id='word_1_62' title='bbox 1205 1226 1453 1297; x_wconf 88' lang='lat' dir='ltr'><strong>causis</strong></span> <span class='ocrx_word' id='word_1_63' title='bbox 1500 1215 1935 1304; x_wconf 83' lang='lat' dir='ltr'><strong>maioribus,</strong></span> <span class='ocrx_word' id='word_1_64' title='bbox 1989 1243 2211 1318; x_wconf 88' lang='lat' dir='ltr'><strong>quum</strong></span> <span class='ocrx_word' id='word_1_65' title='bbox 2261 1216 2580 1317; x_wconf 76' lang='lat' dir='ltr'><strong>publicis</strong></span> <span class='ocrx_word' id='word_1_66' title='bbox 2627 1222 2801 1290; x_wconf 84' lang='lat' dir='ltr'><strong>tum</strong></span> 
     </span>
     <span class='ocr_line' id='line_1_10' title="bbox 630 1310 2805 1422; baseline -0.01 -21"><span class='ocrx_word' id='word_1_67' title='bbox 630 1329 854 1401; x_wconf 87' lang='lat' dir='ltr'><strong>etiam</strong></span> <span class='ocrx_word' id='word_1_68' title='bbox 905 1323 1239 1422; x_wconf 85' lang='lat' dir='ltr'><strong>privatis,</strong></span> <span class='ocrx_word' id='word_1_69' title='bbox 1286 1316 1789 1393; x_wconf 81' lang='lat' dir='ltr'><strong>Athenienses</strong></span> <span class='ocrx_word' id='word_1_70' title='bbox 1838 1310 1935 1387; x_wconf 87' lang='lat' dir='ltr'><strong>ad</strong></span> <span class='ocrx_word' id='word_1_71' title='bbox 1984 1341 2069 1390; x_wconf 91' lang='lat' dir='ltr'><strong>se</strong></span> <span class='ocrx_word' id='word_1_72' title='bbox 2115 1314 2530 1408; x_wconf 74' lang='lat' dir='ltr'><strong>traherent,</strong></span> <span class='ocrx_word' id='word_1_73' title='bbox 2576 1312 2805 1388; x_wconf 83' lang='lat' dir='ltr'><strong>illos-</strong></span> 
     </span>
     <span class='ocr_line' id='line_1_11' title="bbox 682 1408 2807 1513; baseline -0.006 -17"><span class='ocrx_word' id='word_1_74' title='bbox 682 1448 777 1496; x_wconf 90' lang='lat' dir='ltr'><strong>ue</strong></span> <span class='ocrx_word' id='word_1_75' title='bbox 845 1424 1031 1493; x_wconf 84' lang='lat' dir='ltr'><strong>iuris</strong></span> <span class='ocrx_word' id='word_1_76' title='bbox 1093 1419 1290 1491; x_wconf 87' lang='lat' dir='ltr'><strong>inter</strong></span> <span class='ocrx_word' id='word_1_77' title='bbox 1351 1441 1434 1490; x_wconf 91' lang='lat' dir='ltr'><strong>se</strong></span> <span class='ocrx_word' id='word_1_78' title='bbox 1496 1408 1905 1511; x_wconf 87' lang='lat' dir='ltr'><strong>praebendi</strong></span> <span class='ocrx_word' id='word_1_79' title='bbox 1969 1410 2506 1513; x_wconf 75' lang='lat' dir='ltr'><strong>repetendique</strong></span> <span class='ocrx_word' id='word_1_80' title='bbox 2556 1436 2807 1485; x_wconf 87' lang='lat' dir='ltr'><strong>cansa</strong></span> 
     </span>
     <span class='ocr_line' id='line_1_12' title="bbox 699 1509 2806 1612; baseline -0.004 -20"><span class='ocrx_word' id='word_1_81' title='bbox 699 1519 964 1592; x_wconf 85' lang='lat' dir='ltr'><strong>thenas</strong></span> <span class='ocrx_word' id='word_1_82' title='bbox 1046 1518 1407 1612; x_wconf 76' lang='lat' dir='ltr'><strong>navigare</strong></span> <span class='ocrx_word' id='word_1_83' title='bbox 1478 1509 1848 1606; x_wconf 81' lang='lat' dir='ltr'><strong>cogerent</strong></span> <span class='ocrx_word' id='word_1_84' title='bbox 1869 1510 2022 1602; x_wconf 85' lang='lat'><strong>²⁰),</strong></span> <span class='ocrx_word' id='word_1_85' title='bbox 2106 1533 2299 1610; x_wconf 89' lang='lat' dir='ltr'><strong>quae</strong></span> <span class='ocrx_word' id='word_1_86' title='bbox 2369 1535 2496 1583; x_wconf 84' lang='lat' dir='ltr'><strong>res</strong></span> <span class='ocrx_word' id='word_1_87' title='bbox 2568 1535 2806 1611; x_wconf 84' lang='lat' dir='ltr'><strong>quam</strong></span> 
     </span>
     <span class='ocr_line' id='line_1_13' title="bbox 624 1603 2807 1706; baseline -0.003 -15"><span class='ocrx_word' id='word_1_88' title='bbox 624 1614 949 1692; x_wconf 84' lang='lat' dir='ltr'><strong>molesta</strong></span> <span class='ocrx_word' id='word_1_89' title='bbox 1020 1613 1249 1686; x_wconf 90' lang='lat' dir='ltr'><strong>sociis</strong></span> <span class='ocrx_word' id='word_1_90' title='bbox 1382 1631 1695 1706; x_wconf 69' lang='lat' dir='ltr'><strong>uiamque</strong></span> <span class='ocrx_word' id='word_1_91' title='bbox 1767 1603 2323 1680; x_wconf 79' lang='lat' dir='ltr'><strong>Atheniensium</strong></span> <span class='ocrx_word' id='word_1_92' title='bbox 2402 1610 2807 1706; x_wconf 84' lang='lat' dir='ltr'><strong>potentiae</strong></span> 
     </span>
     <span class='ocr_line' id='line_1_14' title="bbox 631 1704 2682 1802; baseline -0.003 -13"><span class='ocrx_word' id='word_1_93' title='bbox 631 1715 713 1789; x_wconf 87' lang='lat' dir='ltr'><strong>et</strong></span> <span class='ocrx_word' id='word_1_94' title='bbox 760 1713 1056 1788; x_wconf 87' lang='lat' dir='ltr'><strong>aerario</strong></span> <span class='ocrx_word' id='word_1_95' title='bbox 1104 1706 1310 1783; x_wconf 86' lang='lat' dir='ltr'><strong>utilis</strong></span> <span class='ocrx_word' id='word_1_96' title='bbox 1391 1707 1610 1798; x_wconf 82' lang='lat' dir='ltr'><strong>uerit,</strong></span> <span class='ocrx_word' id='word_1_97' title='bbox 1660 1727 1813 1776; x_wconf 90' lang='lat' dir='ltr'><strong>non</strong></span> <span class='ocrx_word' id='word_1_98' title='bbox 1863 1728 2056 1801; x_wconf 89' lang='lat' dir='ltr'><strong>opus</strong></span> <span class='ocrx_word' id='word_1_99' title='bbox 2106 1704 2224 1777; x_wconf 89' lang='lat' dir='ltr'><strong>est</strong></span> <span class='ocrx_word' id='word_1_100' title='bbox 2273 1727 2682 1802; x_wconf 84' lang='lat' dir='ltr'><strong>exponere.</strong></span> 
     </span>
    </p>
   </div>
   <div class='ocr_carea' id='block_1_3' title="bbox 1516 1906 1946 2000">
    <p class='ocr_par' dir='ltr' id='par_1_3' title="bbox 1516 1906 1946 2000">
     <span class='ocr_line' id='line_1_15' title="bbox 1516 1906 1946 2000; baseline -0.002 -17"><span class='ocrx_word' id='word_1_101' title='bbox 1516 1921 1586 2000; x_wconf 72' lang='lat'><strong>§-</strong></span> <span class='ocrx_word' id='word_1_102' title='bbox 1609 1906 1946 1983; x_wconf 85' lang='lat' dir='ltr'><strong>xxxu.</strong></span> 
     </span>
    </p>
   </div>
   <div class='ocr_carea' id='block_1_4' title="bbox 635 2056 2811 2551">
    <p class='ocr_par' dir='ltr' id='par_1_4' title="bbox 635 2056 2811 2551">
     <span class='ocr_line' id='line_1_16' title="bbox 821 2056 2808 2136; baseline 0.001 -2"><span class='ocrx_word' id='word_1_103' title='bbox 821 2056 1266 2134; x_wconf 79' lang='lat' dir='ltr'><strong>Huiusmodi</strong></span> <span class='ocrx_word' id='word_1_104' title='bbox 1315 2059 1609 2132; x_wconf 88' lang='lat' dir='ltr'><strong>iniuriis</strong></span> <span class='ocrx_word' id='word_1_105' title='bbox 1660 2061 1982 2130; x_wconf 82' lang='lat' dir='ltr'><strong>vexatos</strong></span> <span class='ocrx_word' id='word_1_106' title='bbox 2031 2059 2285 2133; x_wconf 89' lang='lat' dir='ltr'><strong>socios</strong></span> <span class='ocrx_word' id='word_1_107' title='bbox 2334 2085 2485 2132; x_wconf 94' lang='lat' dir='ltr'><strong>non</strong></span> <span class='ocrx_word' id='word_1_108' title='bbox 2529 2063 2808 2136; x_wconf 71' lang='lat' dir='ltr'><strong>mirum</strong></span> 
     </span>
     <span class='ocr_line' id='line_1_17' title="bbox 639 2152 2811 2251; baseline 0 -16"><span class='ocrx_word' id='word_1_109' title='bbox 639 2156 757 2235; x_wconf 89' lang='lat' dir='ltr'><strong>est</strong></span> <span class='ocrx_word' id='word_1_110' title='bbox 801 2157 1359 2231; x_wconf 82' lang='lat' dir='ltr'><strong>Atheniensium</strong></span> <span class='ocrx_word' id='word_1_111' title='bbox 1412 2152 1987 2228; x_wconf 80' lang='lat' dir='ltr'><strong>dominationem</strong></span> <span class='ocrx_word' id='word_1_112' title='bbox 2050 2158 2467 2251; x_wconf 71' lang='lat' dir='ltr'><strong>aegerrime</strong></span> <span class='ocrx_word' id='word_1_113' title='bbox 2528 2157 2811 2249; x_wconf 83' lang='lat' dir='ltr'><strong>tulisse</strong></span> 
     </span>
     <span class='ocr_line' id='line_1_18' title="bbox 640 2248 2808 2355; baseline -0.001 -23"><span class='ocrx_word' id='word_1_114' title='bbox 640 2256 719 2332; x_wconf 87' lang='lat' dir='ltr'><strong>et</strong></span> <span class='ocrx_word' id='word_1_115' title='bbox 769 2252 1176 2355; x_wconf 76' lang='lat' dir='ltr'><strong>quamlibet</strong></span> <span class='ocrx_word' id='word_1_116' title='bbox 1225 2248 1716 2327; x_wconf 79' lang='lat' dir='ltr'><strong>excutiendae</strong></span> <span class='ocrx_word' id='word_1_117' title='bbox 1766 2254 2147 2324; x_wconf 86' lang='lat' dir='ltr'><strong>servitutis</strong></span> <span class='ocrx_word' id='word_1_118' title='bbox 2179 2255 2649 2327; x_wconf 86' lang='lat' dir='ltr'><strong>occasionem</strong></span> <span class='ocrx_word' id='word_1_119' title='bbox 2711 2257 2808 2329; x_wconf 91' lang='lat' dir='ltr'><strong>li-</strong></span> 
     </span>
     <span class='ocr_line' id='line_1_19' title="bbox 638 2344 2811 2449; baseline -0.001 -21"><span class='ocrx_word' id='word_1_120' title='bbox 638 2352 911 2428; x_wconf 86' lang='lat' dir='ltr'><strong>benter</strong></span> <span class='ocrx_word' id='word_1_121' title='bbox 962 2353 1372 2449; x_wconf 79' lang='lat' dir='ltr'><strong>arripuisse</strong></span> <span class='ocrx_word' id='word_1_122' title='bbox 1404 2351 1484 2439; x_wconf 88' lang='lat'><strong>¹).</strong></span> <span class='ocrx_word' id='word_1_123' title='bbox 1589 2347 1833 2444; x_wconf 80' lang='lat' dir='ltr'><strong>Igitur</strong></span> <span class='ocrx_word' id='word_1_124' title='bbox 1881 2344 2084 2422; x_wconf 91' lang='lat' dir='ltr'><strong>bello</strong></span> <span class='ocrx_word' id='word_1_125' title='bbox 2110 2346 2811 2447; x_wconf 82' lang='lat' dir='ltr'><strong>Peloponnesiaco,</strong></span> 
     </span>
     <span class='ocr_line' id='line_1_20' title="bbox 635 2442 2811 2551; baseline -0.001 -26"><span class='ocrx_word' id='word_1_126' title='bbox 635 2450 996 2551; x_wconf 88' lang='lat' dir='ltr'><strong>imprimis</strong></span> <span class='ocrx_word' id='word_1_127' title='bbox 1041 2449 1222 2549; x_wconf 89' lang='lat' dir='ltr'><strong>post</strong></span> <span class='ocrx_word' id='word_1_128' title='bbox 1269 2443 1553 2523; x_wconf 86' lang='lat' dir='ltr'><strong>cladem</strong></span> <span class='ocrx_word' id='word_1_129' title='bbox 1600 2446 1679 2518; x_wconf 89' lang='lat' dir='ltr'><strong>in</strong></span> <span class='ocrx_word' id='word_1_130' title='bbox 1732 2442 1994 2520; x_wconf 90' lang='lat' dir='ltr'><strong>Sicilia</strong></span> <span class='ocrx_word' id='word_1_131' title='bbox 2041 2449 2422 2548; x_wconf 86' lang='lat' dir='ltr'><strong>acceptam</strong></span> <span class='ocrx_word' id='word_1_132' title='bbox 2450 2445 2553 2545; x_wconf 84' lang='grc'><strong>2),</strong></span> <span class='ocrx_word' id='word_1_133' title='bbox 2626 2448 2811 2547; x_wconf 60' lang='lat' dir='ltr'><strong>plu,</strong></span> 
     </span>
    </p>
   </div>
   <div class='ocr_carea' id='block_1_5' title="bbox 652 2611 1052 2628">
    <p class='ocr_par' dir='ltr' id='par_1_5' title="bbox 652 2611 1052 2628">
     <span class='ocr_line' id='line_1_21' title="bbox 652 2611 1052 2628; baseline 0 2347"><span class='ocrx_word' id='word_1_134' title='bbox 652 2611 1052 2628; x_wconf 95' lang='lat' dir='ltr'><strong> </strong></span> 
     </span>
    </p>
   </div>
   <div class='ocr_carea' id='block_1_6' title="bbox 779 2674 2396 2868">
    <p class='ocr_par' dir='ltr' id='par_1_6' title="bbox 779 2674 2396 2868">
     <span class='ocr_line' id='line_1_22' title="bbox 785 2674 2065 2762; baseline -0.004 -14"><span class='ocrx_word' id='word_1_135' title='bbox 785 2687 887 2762; x_wconf 85' lang='grc'><strong>16)</strong></span> <span class='ocrx_word' id='word_1_136' title='bbox 926 2689 1019 2747; x_wconf 72' lang='lat' dir='ltr'><strong>Cf.</strong></span> <span class='ocrx_word' id='word_1_137' title='bbox 1055 2674 1310 2743; x_wconf 74' lang='lat' dir='ltr'><strong>Boeok&#39;h.</strong></span> <span class='ocrx_word' id='word_1_138' title='bbox 1350 2706 1471 2743; x_wconf 87' lang='lat' dir='ltr'><strong>oec.</strong></span> <span class='ocrx_word' id='word_1_139' title='bbox 1503 2706 1553 2743; x_wconf 86' lang='lat' dir='ltr'><strong>r.</strong></span> <span class='ocrx_word' id='word_1_140' title='bbox 1588 2705 1643 2760; x_wconf 82' lang='lat' dir='ltr'><strong>p.</strong></span> <span class='ocrx_word' id='word_1_141' title='bbox 1676 2688 1750 2742; x_wconf 71' lang='grc' dir='ltr'><strong>Α.</strong></span> <span class='ocrx_word' id='word_1_142' title='bbox 1782 2687 1815 2742; x_wconf 89' lang='lat'>1</span> <span class='ocrx_word' id='word_1_143' title='bbox 1846 2706 1904 2760; x_wconf 81' lang='lat' dir='ltr'><strong>p.</strong></span> <span class='ocrx_word' id='word_1_144' title='bbox 1938 2687 2065 2744; x_wconf 76' lang='lat'><strong>436.</strong></span> 
     </span>
     <span class='ocr_line' id='line_1_23' title="bbox 779 2792 2396 2868; baseline -0.011 -14"><span class='ocrx_word' id='word_1_145' title='bbox 779 2794 882 2868; x_wconf 82' lang='lat'><strong>17)</strong></span> <span class='ocrx_word' id='word_1_146' title='bbox 921 2794 1184 2866; x_wconf 80' lang='lat' dir='ltr'><strong>Thucyd.</strong></span> <span class='ocrx_word' id='word_1_147' title='bbox 1218 2796 1268 2865; x_wconf 90' lang='lat'><strong>1,</strong></span> <span class='ocrx_word' id='word_1_148' title='bbox 1305 2795 1426 2849; x_wconf 77' lang='lat'>115.</span> <span class='ocrx_word' id='word_1_149' title='bbox 1454 2793 1528 2850; x_wconf 72' lang='lat' dir='ltr'><strong>cf.</strong></span> <span class='ocrx_word' id='word_1_150' title='bbox 1566 2792 1970 2852; x_wconf 80' lang='lat' dir='ltr'><strong>Wachsmutb.</strong></span> <span class='ocrx_word' id='word_1_151' title='bbox 2007 2795 2053 2864; x_wconf 90' lang='lat'><strong>1,</strong></span> <span class='ocrx_word' id='word_1_152' title='bbox 2088 2795 2127 2850; x_wconf 69' lang='lat'><em>2</em></span> <span class='ocrx_word' id='word_1_153' title='bbox 2159 2807 2217 2861; x_wconf 82' lang='lat' dir='ltr'><strong>p.</strong></span> <span class='ocrx_word' id='word_1_154' title='bbox 2253 2795 2343 2852; x_wconf 72' lang='lat'><strong>82</strong></span> <span class='ocrx_word' id='word_1_155' title='bbox 2391 2834 2396 2837; x_wconf 83' lang='grc'><strong>,</strong></span> 
     </span>
    </p>
   </div>
   <div class='ocr_carea' id='block_1_7' title="bbox 638 2900 2809 3053">
    <p class='ocr_par' dir='ltr' id='par_1_7' title="bbox 638 2900 2809 3053">
     <span class='ocr_line' id='line_1_24' title="bbox 783 2900 2809 2978; baseline 0.003 -19"><span class='ocrx_word' id='word_1_156' title='bbox 783 2900 887 2976; x_wconf 86' lang='grc'><strong>18)</strong></span> <span class='ocrx_word' id='word_1_157' title='bbox 919 2903 1232 2967; x_wconf 58' lang='lat' dir='ltr'><strong>{Eulaeum</strong></span> <span class='ocrx_word' id='word_1_158' title='bbox 1277 2902 1557 2974; x_wconf 73' lang='lat' dir='ltr'><strong>Han-poor.</strong></span> <span class='ocrx_word' id='word_1_159' title='bbox 1591 2900 1646 2955; x_wconf 88' lang='lat' dir='ltr'><strong>h.</strong></span> <span class='ocrx_word' id='word_1_160' title='bbox 1683 2920 1743 2957; x_wconf 77' lang='lat' dir='ltr'><strong>v.</strong></span> <span class='ocrx_word' id='word_1_161' title='bbox 1779 2901 2026 2966; x_wconf 71' lang='grc' dir='ltr'><strong>Φύλακες,</strong></span> <span class='ocrx_word' id='word_1_162' title='bbox 2082 2900 2274 2956; x_wconf 81' lang='lat' dir='ltr'><strong>Schol.</strong></span> <span class='ocrx_word' id='word_1_163' title='bbox 2317 2904 2606 2978; x_wconf 76' lang='lat' dir='ltr'><strong>Aristoph.</strong></span> <span class='ocrx_word' id='word_1_164' title='bbox 2639 2909 2809 2966; x_wconf 74' lang='lat' dir='ltr'><strong>Avv.</strong></span> 
     </span>
     <span class='ocr_line' id='line_1_25' title="bbox 638 2973 2809 3053; baseline 0 -21"><span class='ocrx_word' id='word_1_165' title='bbox 638 2997 700 3035; x_wconf 77' lang='lat' dir='ltr'><strong>v.</strong></span> <span class='ocrx_word' id='word_1_166' title='bbox 737 2977 892 3032; x_wconf 77' lang='lat'><strong>1022.</strong></span> <span class='ocrx_word' id='word_1_167' title='bbox 965 2982 1023 3030; x_wconf 79' lang='grc' dir='ltr'><strong><em>Κ</em></strong></span> <span class='ocrx_word' id='word_1_168' title='bbox 1201 3013 1221 3039; x_wconf 83' lang='lat'>,</span> <span class='ocrx_word' id='word_1_169' title='bbox 1280 2973 1419 3027; x_wconf 81' lang='lat' dir='ltr'><strong>Lex.</strong></span> <span class='ocrx_word' id='word_1_170' title='bbox 1470 2980 1711 3042; x_wconf 73' lang='lat' dir='ltr'><strong>Seguer.</strong></span> <span class='ocrx_word' id='word_1_171' title='bbox 1758 2993 1813 3045; x_wconf 77' lang='lat' dir='ltr'><strong>p·</strong></span> <span class='ocrx_word' id='word_1_172' title='bbox 1863 2974 1986 3027; x_wconf 79' lang='lat'><strong>273.</strong></span> <span class='ocrx_word' id='word_1_173' title='bbox 2070 2974 2505 3029; x_wconf 76' lang='lat' dir='ltr'><strong>Hellenotamiis</strong></span> <span class='ocrx_word' id='word_1_174' title='bbox 2563 2997 2809 3053; x_wconf 75' lang='lat' dir='ltr'><strong>quoque</strong></span> 
     </span>
    </p>
   </div>
   <div class='ocr_carea' id='block_1_8' title="bbox 641 3042 2524 3224">
    <p class='ocr_par' dir='ltr' id='par_1_8' title="bbox 641 3042 2524 3224">
     <span class='ocr_line' id='line_1_26' title="bbox 641 3042 2524 3122; baseline -0.002 -19"><span class='ocrx_word' id='word_1_175' title='bbox 641 3048 860 3107; x_wconf 82' lang='lat' dir='ltr'><strong>Pollux</strong></span> <span class='ocrx_word' id='word_1_176' title='bbox 894 3047 1012 3102; x_wconf 84' lang='lat' dir='ltr'><strong>Vn</strong></span> <span class='ocrx_word' id='word_1_177' title='bbox 1046 3081 1064 3111; x_wconf 89' lang='lat'>‚</span> <span class='ocrx_word' id='word_1_178' title='bbox 1099 3047 1173 3102; x_wconf 74' lang='lat'><strong>⁶2</strong></span> <span class='ocrx_word' id='word_1_179' title='bbox 1205 3044 1406 3099; x_wconf 85' lang='lat' dir='ltr'><strong>tribuit</strong></span> <span class='ocrx_word' id='word_1_180' title='bbox 1435 3042 1490 3099; x_wconf 74' lang='grc' dir='ltr'><strong>τὸ</strong></span> <span class='ocrx_word' id='word_1_181' title='bbox 1519 3043 1718 3122; x_wconf 69' lang='grc' dir='ltr'><strong><em>ἐφορᾶν</em></strong></span> <span class='ocrx_word' id='word_1_182' title='bbox 1747 3042 1836 3102; x_wconf 65' lang='grc' dir='ltr'><strong>τὰς</strong></span> <span class='ocrx_word' id='word_1_183' title='bbox 1862 3046 2109 3104; x_wconf 73' lang='grc' dir='ltr'><strong><em>πολιτείας</em></strong></span> <span class='ocrx_word' id='word_1_184' title='bbox 2137 3045 2238 3100; x_wconf 70' lang='grc' dir='ltr'><strong>τῶν</strong></span> <span class='ocrx_word' id='word_1_185' title='bbox 2258 3048 2524 3114; x_wconf 72' lang='grc' dir='ltr'><strong><em>νησιωτῶν.</em></strong></span> 
     </span>
     <span class='ocr_line' id='line_1_27' title="bbox 789 3146 1949 3224; baseline -0.006 -12"><span class='ocrx_word' id='word_1_186' title='bbox 789 3153 884 3222; x_wconf 81' lang='grc'><strong>19)</strong></span> <span class='ocrx_word' id='word_1_187' title='bbox 921 3153 1013 3210; x_wconf 75' lang='lat' dir='ltr'><strong>Cf.</strong></span> <span class='ocrx_word' id='word_1_188' title='bbox 1049 3149 1458 3207; x_wconf 79' lang='lat' dir='ltr'><strong>Wachsmutb.</strong></span> <span class='ocrx_word' id='word_1_189' title='bbox 1494 3153 1542 3221; x_wconf 88' lang='lat'><strong>1,</strong></span> <span class='ocrx_word' id='word_1_190' title='bbox 1565 3146 1615 3208; x_wconf 74' lang='grc'><strong>’2</strong></span> <span class='ocrx_word' id='word_1_191' title='bbox 1648 3171 1703 3224; x_wconf 82' lang='lat' dir='ltr'><strong>p.</strong></span> <span class='ocrx_word' id='word_1_192' title='bbox 1734 3151 1821 3208; x_wconf 84' lang='grc'><strong>78.</strong></span> <span class='ocrx_word' id='word_1_193' title='bbox 1858 3150 1949 3206; x_wconf 76' lang='grc'><strong>79.</strong></span> 
     </span>
    </p>
   </div>
   <div class='ocr_carea' id='block_1_9' title="bbox 637 3255 2811 3404">
    <p class='ocr_par' dir='ltr' id='par_1_9' title="bbox 637 3255 2811 3404">
     <span class='ocr_line' id='line_1_28' title="bbox 782 3255 2811 3332; baseline 0.001 -16"><span class='ocrx_word' id='word_1_194' title='bbox 782 3255 884 3330; x_wconf 79' lang='lat'><strong>20)</strong></span> <span class='ocrx_word' id='word_1_195' title='bbox 923 3258 1179 3314; x_wconf 70' lang='lat' dir='ltr'><strong>Boeelth.</strong></span> <span class='ocrx_word' id='word_1_196' title='bbox 1229 3260 1261 3313; x_wconf 91' lang='lat'>1</span> <span class='ocrx_word' id='word_1_197' title='bbox 1302 3278 1361 3332; x_wconf 83' lang='lat' dir='ltr'><strong>p.</strong></span> <span class='ocrx_word' id='word_1_198' title='bbox 1400 3259 1727 3317; x_wconf 73' lang='lat'><strong>433—436.</strong></span> <span class='ocrx_word' id='word_1_199' title='bbox 1797 3256 2212 3315; x_wconf 80' lang='lat' dir='ltr'><strong>Wachsmuth.</strong></span> <span class='ocrx_word' id='word_1_200' title='bbox 2245 3258 2288 3315; x_wconf 86' lang='lat' dir='ltr'><strong>l.</strong></span> <span class='ocrx_word' id='word_1_201' title='bbox 2322 3259 2364 3318; x_wconf 89' lang='lat' dir='ltr'><strong>l.</strong></span> <span class='ocrx_word' id='word_1_202' title='bbox 2413 3272 2468 3328; x_wconf 75' lang='grc' dir='ltr'><strong>ι).</strong></span> <span class='ocrx_word' id='word_1_203' title='bbox 2504 3260 2598 3317; x_wconf 81' lang='grc'><strong>80.</strong></span> <span class='ocrx_word' id='word_1_204' title='bbox 2632 3263 2811 3319; x_wconf 84' lang='lat' dir='ltr'><strong>Proe.</strong></span> 
     </span>
     <span class='ocr_line' id='line_1_29' title="bbox 637 3332 1217 3404; baseline -0.003 -17"><span class='ocrx_word' id='word_1_205' title='bbox 637 3332 761 3387; x_wconf 70' lang='grc' dir='ltr'><strong>Αιι</strong></span> <span class='ocrx_word' id='word_1_206' title='bbox 802 3351 861 3404; x_wconf 73' lang='lat'><strong>1».</strong></span> <span class='ocrx_word' id='word_1_207' title='bbox 897 3332 1217 3387; x_wconf 67' lang='grc' dir='ltr'><strong>’ππ-780.</strong></span> 
     </span>
    </p>
   </div>
   <div class='ocr_carea' id='block_1_10' title="bbox 640 3432 2807 3794">
    <p class='ocr_par' dir='ltr' id='par_1_10' title="bbox 640 3432 2807 3794">
     <span class='ocr_line' id='line_1_30' title="bbox 785 3432 2807 3510; baseline -0.001 -20"><span class='ocrx_word' id='word_1_208' title='bbox 785 3432 850 3506; x_wconf 91' lang='grc'><strong>1)</strong></span> <span class='ocrx_word' id='word_1_209' title='bbox 888 3438 976 3490; x_wconf 80' lang='lat' dir='ltr'><strong>Its</strong></span> <span class='ocrx_word' id='word_1_210' title='bbox 1013 3454 1061 3490; x_wconf 91' lang='lat' dir='ltr'><strong>e.</strong></span> <span class='ocrx_word' id='word_1_211' title='bbox 1099 3455 1148 3490; x_wconf 83' lang='lat' dir='ltr'><strong>c.</strong></span> <span class='ocrx_word' id='word_1_212' title='bbox 1183 3436 1560 3490; x_wconf 67' lang='lat' dir='ltr'><strong>Euboe-enses</strong></span> <span class='ocrx_word' id='word_1_213' title='bbox 1605 3435 1933 3490; x_wconf 81' lang='lat' dir='ltr'><strong>defecerunt</strong></span> <span class='ocrx_word' id='word_1_214' title='bbox 1979 3434 2178 3491; x_wconf 86' lang='lat' dir='ltr'><strong>eodem</strong></span> <span class='ocrx_word' id='word_1_215' title='bbox 2224 3455 2377 3490; x_wconf 85' lang='lat' dir='ltr'><strong>anno</strong></span> <span class='ocrx_word' id='word_1_216' title='bbox 2424 3456 2550 3491; x_wconf 85' lang='lat' dir='ltr'><strong>eum</strong></span> <span class='ocrx_word' id='word_1_217' title='bbox 2594 3440 2807 3510; x_wconf 65' lang='lat' dir='ltr'><strong>Mega.</strong></span> 
     </span>
     <span class='ocr_line' id='line_1_31' title="bbox 642 3506 2806 3581; baseline 0.002 -20"><span class='ocrx_word' id='word_1_218' title='bbox 642 3508 927 3575; x_wconf 75' lang='lat' dir='ltr'><strong>rensibus,</strong></span> <span class='ocrx_word' id='word_1_219' title='bbox 964 3506 1039 3562; x_wconf 86' lang='lat' dir='ltr'><strong>ol.</strong></span> <span class='ocrx_word' id='word_1_220' title='bbox 1073 3508 1162 3570; x_wconf 81' lang='lat'><strong>83,</strong></span> <span class='ocrx_word' id='word_1_221' title='bbox 1198 3510 1249 3575; x_wconf 76' lang='lat'><strong>4,</strong></span> <span class='ocrx_word' id='word_1_222' title='bbox 1285 3508 1387 3562; x_wconf 90' lang='lat' dir='ltr'><strong>sed</strong></span> <span class='ocrx_word' id='word_1_223' title='bbox 1422 3510 1649 3580; x_wconf 83' lang='lat' dir='ltr'><strong>recepti·</strong></span> <span class='ocrx_word' id='word_1_224' title='bbox 1673 3526 1706 3559; x_wconf 87' lang='lat' dir='ltr'><strong>a</strong></span> <span class='ocrx_word' id='word_1_225' title='bbox 1743 3507 1963 3561; x_wconf 79' lang='lat' dir='ltr'><strong>Pericle</strong></span> <span class='ocrx_word' id='word_1_226' title='bbox 2001 3515 2057 3560; x_wconf 88' lang='lat' dir='ltr'><strong>et</strong></span> <span class='ocrx_word' id='word_1_227' title='bbox 2092 3525 2356 3577; x_wconf 71' lang='lat' dir='ltr'><strong>agrorum</strong></span> <span class='ocrx_word' id='word_1_228' title='bbox 2394 3528 2599 3578; x_wconf 73' lang='lat' dir='ltr'><strong>magna</strong></span> <span class='ocrx_word' id='word_1_229' title='bbox 2634 3522 2806 3581; x_wconf 84' lang='lat' dir='ltr'><strong>parte</strong></span> 
     </span>
     <span class='ocr_line' id='line_1_32' title="bbox 641 3577 2805 3652; baseline 0.003 -19"><span class='ocrx_word' id='word_1_230' title='bbox 641 3578 906 3633; x_wconf 83' lang='lat' dir='ltr'><strong>mulctati</strong></span> <span class='ocrx_word' id='word_1_231' title='bbox 941 3587 1091 3646; x_wconf 87' lang='lat' dir='ltr'><strong>sunt,</strong></span> <span class='ocrx_word' id='word_1_232' title='bbox 1130 3597 1276 3652; x_wconf 81' lang='lat' dir='ltr'><strong>quae</strong></span> <span class='ocrx_word' id='word_1_233' title='bbox 1311 3583 1518 3634; x_wconf 85' lang='lat' dir='ltr'><strong>Atticis</strong></span> <span class='ocrx_word' id='word_1_234' title='bbox 1554 3577 1832 3633; x_wconf 83' lang='lat' dir='ltr'><strong>cleruchis</strong></span> <span class='ocrx_word' id='word_1_235' title='bbox 1872 3580 2055 3632; x_wconf 82' lang='lat' dir='ltr'><strong>divisa</strong></span> <span class='ocrx_word' id='word_1_236' title='bbox 2091 3590 2195 3633; x_wconf 84' lang='lat' dir='ltr'><strong>est.</strong></span> <span class='ocrx_word' id='word_1_237' title='bbox 2271 3580 2529 3652; x_wconf 80' lang='lat' dir='ltr'><strong>Thucyd.</strong></span> <span class='ocrx_word' id='word_1_238' title='bbox 2569 3584 2624 3649; x_wconf 85' lang='lat'><strong>1,</strong></span> <span class='ocrx_word' id='word_1_239' title='bbox 2671 3584 2805 3639; x_wconf 78' lang='lat'><strong>114.</strong></span> 
     </span>
     <span class='ocr_line' id='line_1_33' title="bbox 640 3649 2801 3723; baseline 0.003 -18"><span class='ocrx_word' id='word_1_240' title='bbox 640 3650 882 3705; x_wconf 81' lang='lat' dir='ltr'><strong>Diodor.</strong></span> <span class='ocrx_word' id='word_1_241' title='bbox 932 3652 1082 3718; x_wconf 73' lang='lat' dir='ltr'><strong>xli,</strong></span> <span class='ocrx_word' id='word_1_242' title='bbox 1131 3652 1217 3705; x_wconf 74' lang='lat'><strong>22.</strong></span> <span class='ocrx_word' id='word_1_243' title='bbox 1305 3649 1563 3704; x_wconf 84' lang='lat' dir='ltr'><strong>Philoch.</strong></span> <span class='ocrx_word' id='word_1_244' title='bbox 1609 3670 1694 3723; x_wconf 82' lang='lat' dir='ltr'><strong>ap.</strong></span> <span class='ocrx_word' id='word_1_245' title='bbox 1748 3649 1948 3706; x_wconf 79' lang='lat' dir='ltr'><strong>Schol.</strong></span> <span class='ocrx_word' id='word_1_246' title='bbox 1989 3649 2278 3723; x_wconf 77' lang='lat' dir='ltr'><strong>Aristoph.</strong></span> <span class='ocrx_word' id='word_1_247' title='bbox 2323 3654 2519 3706; x_wconf 84' lang='lat' dir='ltr'><strong>Nubb·</strong></span> <span class='ocrx_word' id='word_1_248' title='bbox 2564 3672 2618 3706; x_wconf 80' lang='lat' dir='ltr'><strong>v.</strong></span> <span class='ocrx_word' id='word_1_249' title='bbox 2664 3655 2801 3711; x_wconf 78' lang='lat'><strong>213.</strong></span> 
     </span>
     <span class='ocr_line' id='line_1_34' title="bbox 641 3719 2741 3794; baseline 0.001 -17"><span class='ocrx_word' id='word_1_250' title='bbox 641 3722 786 3778; x_wconf 82' lang='lat' dir='ltr'><strong>Item</strong></span> <span class='ocrx_word' id='word_1_251' title='bbox 824 3724 1006 3776; x_wconf 87' lang='lat' dir='ltr'><strong>Samii</strong></span> <span class='ocrx_word' id='word_1_252' title='bbox 1043 3731 1102 3776; x_wconf 88' lang='lat' dir='ltr'><strong>et</strong></span> <span class='ocrx_word' id='word_1_253' title='bbox 1135 3724 1422 3793; x_wconf 77' lang='lat' dir='ltr'><strong>Byzantii,</strong></span> <span class='ocrx_word' id='word_1_254' title='bbox 1458 3722 1535 3776; x_wconf 86' lang='lat' dir='ltr'><strong>ol.</strong></span> <span class='ocrx_word' id='word_1_255' title='bbox 1574 3722 1660 3786; x_wconf 80' lang='lat'><strong>84,</strong></span> <span class='ocrx_word' id='word_1_256' title='bbox 1697 3724 1746 3776; x_wconf 76' lang='lat'><strong>4.</strong></span> <span class='ocrx_word' id='word_1_257' title='bbox 1782 3723 1870 3790; x_wconf 81' lang='lat'><strong>85,</strong></span> <span class='ocrx_word' id='word_1_258' title='bbox 1908 3722 1959 3776; x_wconf 91' lang='lat'><strong>1.</strong></span> <span class='ocrx_word' id='word_1_259' title='bbox 2033 3719 2299 3794; x_wconf 79' lang='lat' dir='ltr'><strong>Thucyd.</strong></span> <span class='ocrx_word' id='word_1_260' title='bbox 2336 3725 2382 3792; x_wconf 89' lang='lat'><strong>1,</strong></span> <span class='ocrx_word' id='word_1_261' title='bbox 2420 3724 2741 3780; x_wconf 82' lang='lat'>115—117.</span> 
     </span>
    </p>
   </div>
   <div class='ocr_carea' id='block_1_11' title="bbox 635 3825 2803 4257">
    <p class='ocr_par' dir='ltr' id='par_1_11' title="bbox 635 3825 2803 4257">
     <span class='ocr_line' id='line_1_35' title="bbox 784 3825 2803 3901; baseline 0.001 -18"><span class='ocrx_word' id='word_1_262' title='bbox 784 3825 851 3897; x_wconf 81' lang='lat'><strong>2)</strong></span> <span class='ocrx_word' id='word_1_263' title='bbox 889 3831 1009 3883; x_wconf 84' lang='lat' dir='ltr'><strong>Iam</strong></span> <span class='ocrx_word' id='word_1_264' title='bbox 1047 3835 1180 3882; x_wconf 86' lang='lat' dir='ltr'><strong>ante</strong></span> <span class='ocrx_word' id='word_1_265' title='bbox 1218 3826 1328 3882; x_wconf 87' lang='lat' dir='ltr'><strong>hoc</strong></span> <span class='ocrx_word' id='word_1_266' title='bbox 1370 3835 1592 3901; x_wconf 86' lang='lat' dir='ltr'><strong>tempus</strong></span> <span class='ocrx_word' id='word_1_267' title='bbox 1627 3827 1996 3883; x_wconf 79' lang='lat' dir='ltr'><strong>Potidaeatse</strong></span> <span class='ocrx_word' id='word_1_268' title='bbox 2048 3844 2171 3882; x_wconf 84' lang='lat' dir='ltr'><strong>cum</strong></span> <span class='ocrx_word' id='word_1_269' title='bbox 2221 3825 2688 3883; x_wconf 78' lang='lat' dir='ltr'><strong>Chalcidensibus</strong></span> <span class='ocrx_word' id='word_1_270' title='bbox 2740 3839 2803 3886; x_wconf 88' lang='lat' dir='ltr'><strong>et</strong></span> 
     </span>
     <span class='ocr_line' id='line_1_36' title="bbox 640 3897 2798 3972; baseline 0.002 -20"><span class='ocrx_word' id='word_1_271' title='bbox 640 3899 923 3954; x_wconf 82' lang='lat' dir='ltr'><strong>Bottiaeis</strong></span> <span class='ocrx_word' id='word_1_272' title='bbox 960 3903 1112 3955; x_wconf 83' lang='lat' dir='ltr'><strong>inter</strong></span> <span class='ocrx_word' id='word_1_273' title='bbox 1158 3900 1296 3953; x_wconf 87' lang='lat' dir='ltr'><strong>belli</strong></span> <span class='ocrx_word' id='word_1_274' title='bbox 1328 3901 1799 3972; x_wconf 74' lang='lat' dir='ltr'><strong>Peloponnesiaci</strong></span> <span class='ocrx_word' id='word_1_275' title='bbox 1834 3902 1999 3952; x_wconf 89' lang='lat' dir='ltr'><strong>initia</strong></span> <span class='ocrx_word' id='word_1_276' title='bbox 2033 3897 2366 3953; x_wconf 81' lang='lat' dir='ltr'><strong>defecerunt</strong></span> <span class='ocrx_word' id='word_1_277' title='bbox 2412 3898 2708 3971; x_wconf 78' lang='lat' dir='ltr'><strong>(Thucyd.</strong></span> <span class='ocrx_word' id='word_1_278' title='bbox 2749 3906 2798 3971; x_wconf 81' lang='grc' dir='ltr'><strong>Ι,</strong></span> 
     </span>
     <span class='ocr_line' id='line_1_37' title="bbox 640 3971 2797 4042; baseline 0.002 -17"><span class='ocrx_word' id='word_1_279' title='bbox 640 3971 916 4039; x_wconf 80' lang='grc'>56-59),</span> <span class='ocrx_word' id='word_1_280' title='bbox 951 3972 1053 4025; x_wconf 89' lang='lat' dir='ltr'><strong>sed</strong></span> <span class='ocrx_word' id='word_1_281' title='bbox 1095 3972 1165 4024; x_wconf 88' lang='lat' dir='ltr'><strong>ad</strong></span> <span class='ocrx_word' id='word_1_282' title='bbox 1204 3972 1549 4025; x_wconf 85' lang='lat' dir='ltr'><strong>deditionem</strong></span> <span class='ocrx_word' id='word_1_283' title='bbox 1590 3971 1782 4026; x_wconf 81' lang='lat' dir='ltr'><strong>adacti</strong></span> <span class='ocrx_word' id='word_1_284' title='bbox 1812 3988 2062 4042; x_wconf 82' lang='lat' dir='ltr'><strong>agroque</strong></span> <span class='ocrx_word' id='word_1_285' title='bbox 2106 3989 2213 4025; x_wconf 86' lang='lat' dir='ltr'><strong>suo</strong></span> <span class='ocrx_word' id='word_1_286' title='bbox 2264 3973 2484 4042; x_wconf 80' lang='lat' dir='ltr'><strong>expulsi</strong></span> <span class='ocrx_word' id='word_1_287' title='bbox 2516 3981 2680 4040; x_wconf 87' lang='lat' dir='ltr'><strong>sunt,</strong></span> <span class='ocrx_word' id='word_1_288' title='bbox 2727 3976 2797 4029; x_wconf 81' lang='lat' dir='ltr'><strong>in</strong></span> 
     </span>
     <span class='ocr_line' id='line_1_38' title="bbox 643 4037 2797 4115; baseline 0.001 -21"><span class='ocrx_word' id='word_1_289' title='bbox 643 4059 811 4115; x_wconf 75' lang='lat' dir='ltr'><strong>quem</strong></span> <span class='ocrx_word' id='word_1_290' title='bbox 851 4041 1100 4096; x_wconf 83' lang='lat' dir='ltr'><strong>cleruchi</strong></span> <span class='ocrx_word' id='word_1_291' title='bbox 1135 4045 1306 4096; x_wconf 83' lang='lat' dir='ltr'><strong>missi.</strong></span> <span class='ocrx_word' id='word_1_292' title='bbox 1347 4043 1452 4106; x_wconf 86' lang='lat' dir='ltr'><strong>(ld.</strong></span> <span class='ocrx_word' id='word_1_293' title='bbox 1491 4045 1566 4110; x_wconf 89' lang='lat'><strong>11,</strong></span> <span class='ocrx_word' id='word_1_294' title='bbox 1606 4037 1723 4110; x_wconf 88' lang='lat'><strong>70.)</strong></span> <span class='ocrx_word' id='word_1_295' title='bbox 1773 4041 2051 4095; x_wconf 80' lang='lat' dir='ltr'><strong>Similiter</strong></span> <span class='ocrx_word' id='word_1_296' title='bbox 2096 4059 2221 4095; x_wconf 86' lang='lat' dir='ltr'><strong>cum</strong></span> <span class='ocrx_word' id='word_1_297' title='bbox 2259 4045 2576 4113; x_wconf 73' lang='lat' dir='ltr'><strong>Aeginetis,</strong></span> <span class='ocrx_word' id='word_1_298' title='bbox 2602 4053 2797 4097; x_wconf 82' lang='lat' dir='ltr'><strong>actum</strong></span> 
     </span>
     <span class='ocr_line' id='line_1_39' title="bbox 641 4113 2798 4188; baseline 0.002 -23"><span class='ocrx_word' id='word_1_299' title='bbox 641 4118 730 4165; x_wconf 88' lang='lat' dir='ltr'><strong>est</strong></span> <span class='ocrx_word' id='word_1_300' title='bbox 765 4114 866 4177; x_wconf 79' lang='lat' dir='ltr'><strong>(ib.</strong></span> <span class='ocrx_word' id='word_1_301' title='bbox 905 4134 957 4167; x_wconf 87' lang='lat' dir='ltr'><strong>e.</strong></span> <span class='ocrx_word' id='word_1_302' title='bbox 991 4116 1113 4180; x_wconf 76' lang='lat'>27),</span> <span class='ocrx_word' id='word_1_303' title='bbox 1160 4132 1269 4166; x_wconf 85' lang='lat' dir='ltr'><strong>nec</strong></span> <span class='ocrx_word' id='word_1_304' title='bbox 1314 4114 1494 4167; x_wconf 85' lang='lat' dir='ltr'><strong>multo</strong></span> <span class='ocrx_word' id='word_1_305' title='bbox 1541 4113 1705 4165; x_wconf 82' lang='lat' dir='ltr'><strong>aliter</strong></span> <span class='ocrx_word' id='word_1_306' title='bbox 1752 4131 1879 4166; x_wconf 86' lang='lat' dir='ltr'><strong>cum</strong></span> <span class='ocrx_word' id='word_1_307' title='bbox 1922 4114 2317 4184; x_wconf 75' lang='lat' dir='ltr'><strong>Mitylenaeis,</strong></span> <span class='ocrx_word' id='word_1_308' title='bbox 2374 4118 2483 4169; x_wconf 79' lang='lat' dir='ltr'><strong>nisi</strong></span> <span class='ocrx_word' id='word_1_309' title='bbox 2533 4114 2683 4188; x_wconf 80' lang='lat' dir='ltr'><strong>quod</strong></span> <span class='ocrx_word' id='word_1_310' title='bbox 2735 4114 2798 4169; x_wconf 87' lang='lat' dir='ltr'><strong>hi</strong></span> 
     </span>
     <span class='ocr_line' id='line_1_40' title="bbox 635 4184 2798 4257; baseline 0.001 -18"><span class='ocrx_word' id='word_1_311' title='bbox 635 4200 757 4240; x_wconf 77' lang='lat' dir='ltr'><strong>non</strong></span> <span class='ocrx_word' id='word_1_312' title='bbox 796 4185 1033 4256; x_wconf 83' lang='lat' dir='ltr'><strong>expulsi.</strong></span> <span class='ocrx_word' id='word_1_313' title='bbox 1068 4187 1171 4252; x_wconf 84' lang='grc' dir='ltr'><strong>ΙΙΙ,</strong></span> <span class='ocrx_word' id='word_1_314' title='bbox 1208 4187 1293 4239; x_wconf 77' lang='lat'><strong>50.</strong></span> <span class='ocrx_word' id='word_1_315' title='bbox 1382 4184 1884 4250; x_wconf 82' lang='lat' dir='ltr'><strong>Chalcidensibus,</strong></span> <span class='ocrx_word' id='word_1_316' title='bbox 1932 4188 2028 4257; x_wconf 79' lang='lat' dir='ltr'><strong>qui</strong></span> <span class='ocrx_word' id='word_1_317' title='bbox 2075 4195 2279 4238; x_wconf 75' lang='lat' dir='ltr'><strong>octavo</strong></span> <span class='ocrx_word' id='word_1_318' title='bbox 2324 4185 2464 4241; x_wconf 83' lang='lat' dir='ltr'><strong>belli</strong></span> <span class='ocrx_word' id='word_1_319' title='bbox 2512 4205 2664 4239; x_wconf 87' lang='lat' dir='ltr'><strong>anno</strong></span> <span class='ocrx_word' id='word_1_320' title='bbox 2716 4187 2798 4241; x_wconf 87' lang='lat' dir='ltr'><strong>ad</strong></span> 
     </span>
    </p>
   </div>
   <div class='ocr_carea' id='block_1_12' title="bbox 634 4254 2794 4399">
    <p class='ocr_par' dir='ltr' id='par_1_12' title="bbox 634 4254 2794 4399">
     <span class='ocr_line' id='line_1_41' title="bbox 634 4254 2794 4332; baseline 0.002 -25"><span class='ocrx_word' id='word_1_321' title='bbox 634 4254 952 4326; x_wconf 82' lang='lat' dir='ltr'><strong>Spartanos</strong></span> <span class='ocrx_word' id='word_1_322' title='bbox 990 4257 1335 4322; x_wconf 75' lang='lat' dir='ltr'><strong>defecerant,</strong></span> <span class='ocrx_word' id='word_1_323' title='bbox 1371 4257 1655 4331; x_wconf 68' lang='lat' dir='ltr'><strong>quomodo</strong></span> <span class='ocrx_word' id='word_1_324' title='bbox 1691 4257 1898 4312; x_wconf 81' lang='lat' dir='ltr'><strong>Niciae</strong></span> <span class='ocrx_word' id='word_1_325' title='bbox 1941 4274 2084 4329; x_wconf 74' lang='lat' dir='ltr'><strong>pace</strong></span> <span class='ocrx_word' id='word_1_326' title='bbox 2124 4263 2357 4313; x_wconf 66' lang='lat' dir='ltr'><strong>mutum</strong></span> <span class='ocrx_word' id='word_1_327' title='bbox 2391 4260 2497 4325; x_wconf 80' lang='lat' dir='ltr'><strong>sit,</strong></span> <span class='ocrx_word' id='word_1_328' title='bbox 2537 4257 2656 4311; x_wconf 74' lang='lat' dir='ltr'><strong>vid.</strong></span> <span class='ocrx_word' id='word_1_329' title='bbox 2692 4276 2794 4332; x_wconf 75' lang='lat' dir='ltr'><strong>ap.</strong></span> 
     </span>
     <span class='ocr_line' id='line_1_42' title="bbox 634 4325 1143 4399; baseline 0.012 -19"><span class='ocrx_word' id='word_1_330' title='bbox 634 4325 900 4399; x_wconf 73' lang='lat' dir='ltr'><strong>Thucyd.</strong></span> <span class='ocrx_word' id='word_1_331' title='bbox 940 4328 1019 4398; x_wconf 81' lang='lat' dir='ltr'><strong>V,</strong></span> <span class='ocrx_word' id='word_1_332' title='bbox 1056 4328 1143 4385; x_wconf 79' lang='lat'><strong>18.</strong></span> 
     </span>
    </p>
   </div>
   <div class='ocr_carea' id='block_1_13' title="bbox 3010 3326 3017 3889">
    <p class='ocr_par' dir='ltr' id='par_1_13' title="bbox 3010 3326 3017 3889">
     <span class='ocr_line' id='line_1_43' title="bbox 3010 3326 3017 3889; baseline 0 0"><span class='ocrx_word' id='word_1_333' title='bbox 3010 3326 3017 3889; x_wconf 95' lang='lat' dir='ltr'><strong> </strong></span> 
     </span>
    </p>
   </div>
  </div>
 </body>
</html>
