3067 4975
857 394 931 466 9.
980 392 1100 467 De
1125 390 1456 490 foedere
1500 393 1858 470 Achaico.
2298 390 2444 471 447

283 575 557 677 opibus
607 574 841 650 adiuti
874 577 1136 673 ‚magis
1184 599 1405 674 quam
1468 576 1693 650 antea
1750 572 2040 652 florere·
2088 571 2447 672 videban-

280 686 430 769 tur,
479 679 665 772 ipsis
716 698 1014 773 quoque
1065 671 1471 769 Spartanis
1518 680 1824 771 praeter
1877 700 1971 746 ue
2034 673 2177 747 hos
2239 672 2448 746 Eleis

281 777 360 847 et
425 774 876 862 Messeniis,
952 793 1395 869 quamquam
1458 772 1744 860 invitis,
1853 769 2110 845 cederi
2188 794 2496 869 eorum⁴

281 867 651 944 adiunctis
676 865 771 961 4).
871 867 1150 939 Verum
1221 864 1406 940 haec
1471 869 1640 965 ipsa
1709 893 1874 940 cum
1953 864 2481 943 renitentibus*

283 967 712 1041 coniunctio
802 987 898 1060 pe
997 971 1338 1035 etuorum
1414 966 1898 1046 certaminum
1979 990 2209 1037 eausa
2286 961 2466 1062 fuit,

279 1086 473 1164 quae
502 1084 725 1160 quum
753 989 1019 1132 calli-Xe
1045 1059 1368 1132 Romani
1396 1058 1688 1134 alerent
1712 1059 2088 1162 rebusque
2111 1058 2453 1134 Achaeo-

279 1183 444 1233 rum
507 1160 863 1235 continuo
929 1181 1015 1229 se
1076 1163 1430 1257 tanquam
1497 1156 1833 1231 arbitros
1901 1162 2033 1232 aut
2098 1155 2448 1231 dominos

281 1259 536 1357 potius
584 1255 1155 1352 interponerent
1181 1255 1278 1347 ⁵),
1329 1250 1521 1327 adeo
1573 1253 1874 1344 tandem
1925 1253 2189 1329 borum
2226 1256 2455 1330 animi

283 1353 714 1448 exasperati
760 1351 1127 1449 tantoque
1176 1350 1691 1424 Romanorum
1724 1352 1901 1425 odio
1936 1355 2221 1425 incensi
2251 1357 2457 1444 sunt,

278 1455 365 1527 ut
421 1444 700 1520 bellum
766 1450 1102 1547 quamvis
1165 1450 1408 1548 impar
1466 1445 1830 1522 adversus
1880 1475 2016 1546 eos
2065 1452 2456 1549 suscipere

283 1574 439 1623 non
525 1540 982 1617 dubitarent.
1046 1544 1307 1618 'Victi
1378 1541 1647 1620 deinde
1718 1542 1859 1619 sub
1935 1547 2458 1620 Romanorum

286 1643 599 1742 imperio
626 1639 909 1714 Achaei
950 1665 1116 1713 cum
1152 1640 1443 1741 reliqua
1471 1642 1793 1716 Graecia
1824 1640 2149 1733 suerunt,
2202 1668 2460 1745 quam-

261 1765 509 1845 ¹quam
556 1741 653 1810 im
711 1740 823 1810 ari
874 1736 1339 1834 singularum
1392 1741 1770 1812 civitatum
1800 1738 2241 1818 condicione
2271 1738 2459 1814 mul-

289 1847 537 1938 tisque
601 1860 644 1907 a
676 1839 854 1937 iqua
916 1836 1306 1908 societatis
1371 1861 1462 1908 ac
1526 1833 1901 1911 libertatis
1963 1840 2214 1936 specie
2273 1837 2459 1910 reli-

292 1946 412 2013 cta
438 1936 543 2030 ⁶),
610 1936 830 2005 etiam
895 1938 1386 2032 posteaquam
1447 1935 1525 2005 in
1576 1938 2012 2031 provinciae
2060 1932 2459 2008 formulam

286 2032 585 2204 Άιοξιειιίειί
623 2028 945 2103 redacta
993 2054 1041 2102 a
1089 2027 1460 2104 Romanis
1508 2029 2086 2131 magistratibus
2128 2030 2459 2125 admini·
2497 2113 2502 2124 ¹

289 2159 328 2207 s
365 2157 403 2204 r
507 2154 549 2199 a
589 2150 701 2205 ur.

431 2332 498 2406 4)
534 2334 673 2389 Vid.
706 2332 783 2388 id.
819 2352 876 2406 p.
912 2332 1022 2390 240
1054 2352 1178 2407 sqq.
1215 2334 1340 2390 277.
1377 2332 1529 2408 291..

431 2436 499 2513 5)
537 2441 625 2496 ld.
658 2458 716 2515 p.
752 2440 860 2496 309
893 2460 1014 2515 sqq.
1087 2439 1180 2499 cf.
1213 2427 1535 2497 nmmum
1571 2457 1630 2516 p.
1662 2441 1771 2501 477
1804 2461 1931 2517 sqq.

435 2530 495 2614 θ’)
534 2551 615 2604 nt
645 2545 890 2603 Athenis
936 2532 1153 2617 (suan.
1191 2551 1313 2617 1x‚
1360 2551 1391 2604 1
1440 2569 1498 2674 ἱ.
1532 2547 1688 2618 398.)
1779 2552 2025 2624 spart-0
2070 2547 2178 2621 (id.
2212 2550 2389 2621 vm,
2424 2552 2464 2608 6

292 2643 350 2695 p.
386 2623 495 2678 365
533 2616 710 2690 extr.)
746 2620 1005 2693 aliisque.
1075 2621 1318 2674 Liberos
1352 2624 1440 2675 Ac
1485 2623 1611 2674 aiae
1645 2622 1891 2695 populos
1929 2625 2143 2678 Caesar
2187 2629 2468 2677 memorat

298 2695 371 2747 de
407 2692 541 2749 hell.
580 2696 690 2749 civ,
726 2693 832 2760 III,
868 2695 920 2746 3.
991 2693 1292 2762 Tanagra,
1330 2691 1647 2764 Thespiae,
1697 2694 1910 2767 Delphi
1946 2695 2162 2749 liberae
2198 2698 2463 2749 civitates

298 2766 500 2827 adhuc,
533 2765 705 2832 Plinii
748 2769 954 2818 aetate.
1027 2763 1166 2821 vid.
1203 2763 1323 2817 hui.
1371 2766 1446 2818 H.
1483 2767 1563 2819 N.
1598 2766 1718 2830 IV,
1763 2768 1815 2820 4.
1853 2768 1939 2822 ll.
1991 2770 2063 2823 12
2107 2775 2167 2824 et
2199 2770 2262 2823 in
2295 2769 2459 2824 univ·

296 2838 371 2900 cf.
407 2835 715 2912 Spanbem.
755 2835 895 2892 Orb.
929 2838 1104 2891 Rom.
1140 2855 1198 2908 p.
1232 2836 1341 2892 262
1375 2854 1502 2909 sqq·
1541 2835 1631 2892 ed.
1665 2837 1943 2896 Heinecc.
