3067 4975
608 390 674 454 1.
724 381 844 454 De
891 379 1282 455 mmmm
1328 378 1414 451 in
1452 379 1725 454 Aua-a
1762 379 2193 475 generibus.
2327 361 2478 460 '191

313 569 559 636 autem
610 559 1063 634 tributorum
1115 556 1584 662 aliorumque
1646 565 1978 635 munium
2006 561 2112 655 ¹⁵)-
2168 563 2303 636 aut
2361 565 2481 638 ius

306 662 674 748 ἰσοτελείας,
727 664 810 731 ut
859 682 1011 730 non
1064 654 1219 730 alia
1280 683 1499 758 quam
1561 661 1763 733 cives
1826 661 2079 733 munia
2146 668 2485 758 praesta·

309 767 483 831 rent
528 781 772 857 neque
821 757 1151 853 patrono
1201 756 1311 828 uti
1365 758 1850 855 cogerentur,
1896 754 2353 855 praediaque
2403 761 2483 829 in

310 856 558 926 Attica
610 856 1000 953 acquirere
1048 860 1365 949 possent
1395 855 1538 950 ¹⁶),
1588 878 1744 926 nou
1781 856 1930 927 nisi
1976 852 2238 952 populi
2285 855 2479 927 seito

310 949 690 1049 inquilinis
742 947 906 1022 dari
951 950 1280 1046 poterat.
1514 993 1521 998 -

1192 1157 1257 1234 §.
1308 1150 1598 1226 XVIII.

510 1285 804 1356 Civium
852 1284 1271 1357 Atticorum
1321 1281 1470 1358 duo
1519 1310 1814 1383 genera
1861 1278 2105 1379 eraut,
2172 1281 2485 1358 alterum

311 1383 839 1480 ingenuorum,
890 1379 1207 1454 alterum
1248 1379 1923 1480 adscripticiorum‚
1972 1385 2098 1484 qui
2126 1408 2173 1455 a
2197 1378 2484 1481 populo

318 1476 618 1551 civitate
647 1476 907 1550 donati
938 1486 1176 1557 eraut.
1243 1477 1332 1551 Id
1361 1478 1641 1552 donum
1669 1478 1986 1553 Solonis
2015 1480 2143 1553 lex
2170 1504 2321 1551 non
2346 1480 2483 1550 im-

314 1578 580 1676 pertiri
606 1573 846 1648 voluit
872 1578 1011 1650 nisi
1040 1578 1221 1649 viris
1245 1578 1652 1674 insigniter
1679 1574 1773 1651 de
1797 1603 1883 1651 re
1919 1575 2223 1677 publica
2261 1576 2487 1647 meri-

317 1677 442 1766 tis,
470 1676 689 1773 quive
715 1674 964 1771 patrio
995 1667 1267 1745 soloin
1294 1679 1742 1771 perpetuum
1766 1673 2033 1747 relicto
2057 1697 2268 1747 suam
2302 1695 2486 1745 suo·

316 1795 628 1869 rumque
659 1774 980 1845 omnium
1010 1769 1265 1844 sedem
1291 1768 1606 1842 Athenis
1633 1769 1979 1845 fixissent
2009 1773 2096 1862 ¹).
2198 1766 2357 1843 Sed
2385 1764 2482 1840 ab

320 1868 458 1941 hac
481 1867 654 1964 lege
680 1881 954 1965 postea
979 1868 1286 1967 saepius
1310 1892 1719 1959 recessum,
1746 1867 2144 1968 multisque
2170 1864 2488 1940 honoris

318 1991 548 2039 eausa
590 1967 852 2037 civitas
906 1962 1687 2039 dataest,exterarnm
1745 1968 2122 2038 civitatum
2174 1960 2489 2061 regibus

317 2058 927 2163 principibusque
957 2061 1047 2156 ²),
1092 2086 1408 2161 quorum
1431 2058 1776 2162 plerique
1806 2088 1901 2136 ue
1940 2060 2286 2150 viderant
2324 2059 2490 2160 qui-

319 2158 485 2232 dem
505 2157 873 2231 Athenas:
908 2163 1357 2257 omninoque
1372 2163 1438 2232 is
1467 2155 1741 2254 bonor,
1773 2159 1948 2233 olim
1969 2184 2245 2254 magno
2262 2156 2490 2229 aesti-

315 2284 432 2331 ma
440 2268 557 2332 ius
568 2257 663 2353 ³),
678 2259 1011 2355 posteris
1023 2252 1490 2356 temporibus
1505 2253 1869 2331 vilescere
1883 2264 1959 2329 et
1972 2281 2138 2329 eum
2152 2253 2494 2353 plurimis

317 2360 650 2457 quamvis
698 2353 1028 2453 indignis
1076 2359 1506 2454 promiscue
1558 2357 2085 2441 communicari
2121 2352 2370 2450 eoepit
2397 2346 2490 2439 ⁴).

317 2457 664 2532 Ceterum
720 2451 813 2526 de
861 2449 1357 2552 impertienda
1408 2454 1707 2526 civitate
1768 2453 1846 2524 in
1906 2447 2108 2525 binis
2168 2448 2494 2523 comitiis

315 2580 481 2627 enm
531 2547 814 2651 populo
866 2555 996 2649 agi
1049 2550 1408 2648 oportuit,
1457 2575 1699 2650 neque
1753 2547 1932 2623 data
1977 2551 2055 2622 iu
2106 2541 2493 2645 prioribus

313 2656 488 2724 -rata
538 2652 703 2724 erat
754 2652 899 2721 nisi
951 2651 1173 2721 etiam
1222 2647 1297 2718 iu
1360 2645 1923 2746 posterioribus
1987 2641 2300 2718 eandem
2352 2665 2489 2741 po-

316 2748 537 2846 pulus
590 2746 833 2844 legem
885 2747 1252 2835 scivisset,
1301 2769 1443 2817 sex
1493 2740 1818 2817 millibus
1868 2739 2185 2841 amplius
2225 2742 2490 2812 civium

314 2958 400 3010 tit.
439 2950 617 3023 Leg‘g.
653 2957 774 3008 Ate.
812 2974 867 3027 p.
909 2955 980 3009 26
1031 2960 1090 3006 et
1123 2950 1406 3007 Schedius
1455 2950 1526 3004 cle
1560 2942 1776 3022 Areop.
1817 2965 1866 3003 ο.
1902 2949 1938 3003 5
1973 2940 2023 3017 5.
2064 2947 2114 3000 1.
2166 2963 2355 3017 neque
2403 2950 2489 2996 ta-

315 3047 450 3081 men
487 3046 581 3079 res
616 3029 755 3080 satis
792 3035 949 3079 certa
987 3035 1089 3079 est.

436 3122 896 3201 '15)nemoszh.
936 3100 1163 3205 Leptin.
1197 3131 1252 3202 ς.
1292 3131 1376 3186 16.
1418 3130 1506 3184 17.
1576 3124 1838 3183 noeokh.
1871 3128 1905 3181 1
1936 3146 1992 3198 p.
2027 3119 2151 3181 354.

322 3308 325 3311 ¹
464 3239 560 3306 16)
598 3243 875 3312 Hau-poor.
917 3240 1079 3293 Suid.
1118 3242 1384 3293 Ammon.
1424 3254 1473 3291 ε.
1509 3248 1568 3289 v:
1611 3236 1835 3290 Timeo.
1870 3246 1926 3299 Ρ.
1966 3233 2089 3287 151.
2146 3226 2362 3284 Pollux
2379 3227 2487 3292 111,
2537 3294 2544 3299 ι

318 3314 410 3368 56.
440 3315 605 3381 vm,
644 3314 764 3367 155.
820 3313 914 3364 Ex
950 3311 1037 3364 bis
1075 3311 1342 3364 nonnulli
1378 3312 1461 3361 ita
1495 3307 1829 3379 loquuntur,
1866 3306 2029 3377 quati
2061 3301 2136 3356 acl
2169 3319 2292 3354 rem
2326 3298 2485 3372 publ.

318 3404 434 3458 quo
476 3405 551 3438 uo
599 3384 874 3437 accedere
923 3382 1125 3437 eodem
1172 3401 1286 3455 quo
1333 3384 1490 3435 cives
1535 3384 1662 3434 iure
1701 3378 1927 3435 iuvabit
1964 3376 2285 3448 potuerint,
2342 3388 2486 3442 quo·

318 3459 450 3510 Wo
478 3459 583 3510 lius
631 3455 797 3528 proll.
847 3454 918 3506 ad
968 3456 1191 3528 Leptin.
1231 3474 1284 3527 p.
1334 3454 1508 3507 Lxx
1556 3465 1780 3523 nosque
1826 3450 1899 3502 de
1950 3455 2162 3502 comiti.
2213 3464 2269 3517 p.
2303 3444 2371 3497 81
2418 3444 2483 3496 F.
2539 3456 2544 3462 ’

316 3530 603 3582 incautius
638 3530 867 3600 sequuti
902 3545 1114 3580 sumus.
1171 3527 1393 3579 Verum
1435 3524 1634 3577 docuit
1666 3519 1924 3576 Boeckh.
1947 3522 2001 3574 u
2038 3518 2252 3597 p.78.I
2287 3534 2343 3586 p.
2366 3516 2487 3567 155.

460 3635 525 3703 l)
563 3635 661 3688 Or.
702 3636 763 3687 in
797 3635 861 3686 N
864 3652 1009 3688 eaer.
1050 3647 1104 3699 Ρ.
1131 3635 1287 3699 1375,
1331 3634 1417 3688 11.
1460 3628 1755 3685 Plutarch.
1790 3625 1997 3681 Solon.
2022 3644 2068 3679 c.
2094 3625 2185 3679 24.
2207 3621 2484 3673 -Etiam

314 3702 425 3763 τοῦς
454 3708 603 3778 φύσει
639 3705 842 3763 δούλους
873 3708 1110 3760 civitate
1148 3705 1349 3758 donari
1378 3705 1535 3773 leges
1562 3702 1816 3755 vetuisse
1842 3706 2043 3751 auctor
2061 3702 2150 3749 est
2167 3695 2281 3746 nio
2301 3690 2484 3780 (3er-

317 3786 456 3833 sost.
516 3794 599 3830 or.
631 3778 754 3830 XV
793 3789 846 3843 Ρ.
885 3778 1011 3832 239.
1096 3777 1181 3830 Of.
1234 3778 1405 3829 Petit.
1448 3776 1630 3845 Legg.
1676 3775 1798 3827 Att.
1845 3782 1904 3836 Ρ.
1951 3768 2073 3823 2⁰4.
2143 3764 2483 3820 Schneider.

319 3853 392 3907 ad
426 3853 607 3906 Arist.
643 3846 818 3904 Polit.
859 3861 913 3915 Ρ.
950 3851 1040 3902 21.
1113 3848 1232 3902 Sed
1272 3866 1366 3901 res
1404 3847 1599 3901 dubia.

250 4022 257 4029 ,
457 3955 524 4030 2)
559 3954 841 4028 Exempla
888 3955 1005 4009 vid.
1057 3975 1145 4029 up.
1186 3952 1495 4027 spanhem.
1534 3953 1660 4007 orb.
1696 3950 1871 4006 Rom.
1910 3960 1966 4014 Ρ.
2006 3945 2045 4001 9
2086 3944 2177 3999 ed.
2211 3945 2482 4001 Beiueuo.

286 4031 523 4086 ‘Ueien
563 4028 635 4083 dc
669 4028 806 4083 bon.
847 4028 1032 4082 damn.
1072 4046 1126 4100 p.
1165 4029 1252 4081 51.
1291 4028 1379 4081 55.

411 4133 525 4263 63⁷)
560 4132 1073 4262 ῗὶοιιᾱοᾶοωοοὼ.
1111 4152 1193 4187 or.
1233 4151 1287 4188 κ.
1322 4132 1605 4196 συντάξεως
1633 4143 1691 4196 Ρ.
1727 4128 1852 4183 173.
1908 4127 2077 4181 Dcm.
2114 4126 2176 4180 in
2202 4126 2481 4182 Aristocr-

312 4221 368 4275 P·
517 4245 534 4276 2
2429 4220 2432 4225 ‘

457 4313 523 4384 4)
556 4317 733 4369 Isocr.
770 4312 841 4365 de
886 4330 1030 4383 pace
1079 4331 1127 4365 c.
1168 4313 1252 4366 17.
1327 4308 1628 4365 Demo-th.
1665 4308 1705 4362 l.
1742 4309 1785 4362 1.
1819 4324 1875 4359 v.
1917 4308 2001 4363 17.
2076 4307 2146 4358 Iu
2191 4305 2349 4356 univ.
2401 4300 2471 4376 ef.

310 4387 515 4440 Meicr.
552 4399 607 4453 Ρ.
644 4388 732 4441 50.
769 4385 842 4438 55
876 4404 962 4456 sq.
