3067 4975
750 364 820 439 7.
869 363 992 437 De
1038 359 1475 437 oeconomia
1522 361 1656 435 rei
1675 359 2060 462 publicae.
2359 365 2505 442 307

328 542 770 622 sacrificulis
836 544 1082 618 autem
1130 546 1207 617 in
1256 567 1475 616 unam
1527 539 2055 619 hecatombam
2106 543 2505 624 drachmas

327 646 718 746 quinquies
783 641 980 716 mille
1047 643 1341 716 centum
1404 639 2002 742 quattuordecim
2066 648 2503 721 numeratas

321 740 643 838 legimus
673 741 797 835 ¹⁰):
863 741 940 811 et
1002 737 1125 811 01.
1190 736 1399 830 cxl,
1461 741 1509 811 3
1563 764 1661 810 ex
1714 735 2110 813 divenditis
2158 745 2493 817 victima·

319 864 522 928 rum,
602 862 793 936 quae
852 861 992 935 per
1043 843 1326 934 septem
1373 860 1672 907 men-ses
1735 831 2038 933 publice
2117 839 2493 914 mactatae

326 936 587 1026 erant,
661 932 986 1032 pellibus
1050 938 1371 1033 quinque
1431 932 1746 1031 amplius
1813 932 2042 1006 millia
2106 934 2498 1008 drachma-

323 1057 489 1105 rum
553 1029 900 1104 confecta
963 1031 1294 1120 sunt¹¹),
1371 1032 1454 1100 ut
1517 1032 1883 1127 appareat
1938 1057 2157 1130 quam
2223 1034 2501 1130 ingens

326 1153 582 1204 earum
633 1153 988 1202 numerus
1040 1125 1290 1199 fuerit.
1390 1127 1557 1198 Huc
1609 1123 2058 1218 accedebat,
2137 1130 2222 1201 ut
2272 1134 2499 1208 etiam

326 1228 549 1308 extra
597 1227 913 1297 Atticam
965 1222 1180 1297 festis
1226 1221 1565 1321 plurimis
1616 1221 2240 1298 concelebrandis
2304 1252 2501 1300 sum-

321 1326 500 1422 ptus
580 1320 674 1394 de
747 1318 1050 1418 publico
1115 1345 1268 1391 nou
1332 1316 1756 1393 mediocres
1816 1319 2142 1395 faciendi
2206 1331 2488 1416 essent,

325 1444 546 1519 quum
593 1416 841 1490 theori
880 1415 1170 1507 Delum,
1225 1416 1590 1517 DelphoS,
1621 1415 2071 1517 Olympiam,
2113 1420 2504 1512 Nemeam,

323 1515 420 1589 ad
465 1513 826 1588 Isthmum
875 1515 1166 1614 aliaque
1218 1511 1388 1586 loca
1439 1516 1949 1607 mitterentur,
2026 1518 2153 1614 qui
2206 1519 2500 1594 etiamsi

319 1614 613 1712 partem
698 1609 1020 1711 aliquam
1092 1615 1595 1709 impensarum
1669 1608 1761 1686 de
1822 1637 1963 1685 suo
2039 1611 2499 1712 erogabant,

316 1707 638 1813 plurima
684 1710 936 1785 tamen
982 1734 1111 1784 res
1158 1705 1460 1809 publica
1509 1704 2045 1809 suppeditabat
2073 1708 2172 1809 ¹²)

1206 1922 1264 1991 δ.
1312 1910 1606 1984 LXIX.

508 2041 1004 2143 Augebantur
1079 2045 1327 2117 autem
1390 2042 1758 2116 festorum
1819 2046 2164 2144 sumptus
2231 2045 2498 2116 mirum

314 2144 394 2214 in
441 2141 740 2214 modum
792 2139 1323 2237 largitionibus
1371 2140 1539 2230 inis,
1593 2166 1785 2240 quae
1831 2148 2167 2234 θεωρικῶν
2197 2143 2502 2215 nomine

313 2235 2502 2427 {taffffsszffiah-„202‘1Y3'ssde⁶23¹22tz¹512322¹¹2¹>,³¹2323„s;l

369 2457 463 2506 ue
516 2436 672 2506 eius
727 2440 800 2506 et
849 2431 940 2505 ad
995 2458 1228 2506 usum-
1293 2428 1609 2505 udorum
1658 2429 2081 2505 instruendi
2133 2455 2315 2504 cura
2366 2454 2490 2504 re-

368 2527 834 2629 emptoribus
887 2528 1335 2604 demandata
1386 2535 1551 2602 erat
1597 2531 1694 2624 2),
1749 2528 1823 2602 hi
1873 2532 2119 2627 pretia
2151 2526 2501 2601 locorum

316 2652 362 2700 a
412 2624 969 2726 spectatoribus
1021 2625 1462 2725 exigebant,
1514 2623 1712 2700 unde
1764 2629 1842 2699 et
1891 2624 2018 2698 illa
2072 2624 2497 2719 efficerent,

317 2726 394 2798 et
442 2723 764 2821 vectigal
820 2750 1115 2824 quoque
1154 2728 1263 2798 rei
1288 2721 1635 2822 publicae
1669 2725 1968 2822 pactum
1995 2721 2377 2796 solverent
2403 2723 2501 2818 3).

313 2819 652 2894 Pericles
706 2825 953 2894 autem
978 2848 1072 2895 ne
1101 2825 1269 2921 quis
1291 2825 1611 2919 propter
1638 2827 2159 2919 paupertatem
2213 2845 2259 2891 a
2294 2844 2501 2891 com-

313 2922 515 2992 muni
562 2918 845 2992 laetitia
895 2915 1452 3011 excluderetur,
1501 2917 1751 3017 legem
1801 2916 1970 2990 tulit
1994 2914 2094 3012 ⁴),
2159 2924 2244 2989 ut
2291 2912 2504 2989 ludo·

326 3207 366 3334 ἐ,
422 3172 548 3322 ἐξ)
601 3196 770 3269 corp.
817 3146 996 3249 lusor.
1045 3210 1145 3249 no.
1197 3193 1302 3250 147
1346 3212 1407 3251 v.
1460 3193 1516 3248 Β.
1568 3192 1622 3248 6.
1721 3192 1817 3248 cf.
1856 3187 2115 3245 Boeekh.
2167 3190 2289 3244 bec.
2335 3193 2411 3246 A.
2443 3193 2503 3247 11

463 3372 563 3443 11)
612 3373 782 3447 corp.
820 3373 1002 3427 Inser.
1038 3391 1135 3429 no.
1172 3374 1276 3429 157
1312 3392 1371 3428 v.
1409 3370 1608 3427 5-29.
1678 3365 1940 3423 Boeokh.
1976 3366 2080 3424 1.1.
2109 3380 2167 3436 P.
2204 3370 2311 3426 248
2336 3389 2462 3445 sqq.

461 3475 560 3549 12)
597 3480 682 3535 Id.
714 3481 796 3535 a».
831 3482 863 3534 1
899 3493 954 3548 p.
994 3482 1118 3536 23⁰.

459 3588 517 3649 l)
562 3588 652 3642 Cf.
701 3607 874 3661 supra
968 3607 1015 3643 e.
1055 3590 1095 3643 4
1137 3583 1191 3660 §0
1252 3588 1342 3650 3⁰,
1379 3587 1436 3642 7.
1506 3584 1736 3641 Libanii
1787 3587 1845 3638 et
1892 3581 2127 3654 Ulpiani
2178 3586 2376 3655 opinio
2425 3583 2500 3640 de

314 3656 511 3729 ligneo
563 3662 729 3713 etiam
777 3661 1016 3714 Periclis
1067 3666 1254 3714 aetate
1293 3658 1518 3712 theatro
1558 3660 1631 3712 ad
1666 3652 1960 3711 Demosth.
2004 3654 2240 3725 Olyntb.
2283 3657 2314 3709 1
2360 3663 2498 3711 tom.

317 3731 380 3782 V
416 3743 472 3798 p.
528 3733 600 3786 13
641 3732 828 3787 Wolf.
878 3741 937 3787 et
972 3751 1186 3804 argum.
1224 3730 1463 3801 Olyutb.
1504 3732 1535 3784 1
1578 3743 1630 3796 P.
1668 3729 1721 3798 8,
1758 3728 1794 3782 8
1828 3724 2034 3780 Reisk.
2074 3744 2147 3779 ex
2184 3745 2300 3797 quo
2335 3726 2500 3783 fonte

316 3806 565 3856 manarit
600 3807 813 3858 nemini
853 3805 1161 3858 obscurum
1201 3821 1327 3857 esse
1362 3808 1570 3875 potest.

461 3910 522 3977 2)
582 3913 1029 3986 Redemptorem
1077 3908 1372 3965 Demostb.
1422 3930 1505 3981 pr.
1559 3923 1846 4030 εισι-συῒ».
1884 3902 2007 3968 234,
2043 3902 2116 3958 23
2150 3902 2496 3978 α’ρχιτὲκωνα,

313 3981 611 4057 Aristoph.
651 4005 738 4058 ap.
779 3984 1002 4041 Pollue.
1040 3985 1175 4049 vn,
1215 3983 1319 4038 199
1353 3981 1727 4057 θεαιροπώλην,
1864 3972 2146 4046 oephi-ast.
2182 3975 2339 4042 char.
2385 3978 2497 4046 XI,

318 4055 356 4110 3
390 4056 691 4127 θεατραίνην
727 4057 881 4111 dicit.

459 4161 521 4227 3)
569 4164 700 4217 Hoc
745 4166 887 4216 satis
932 4168 1056 4217 tuto
1110 4163 1307 4235 colligi
1356 4167 1550 4233 potest
1600 4176 1673 4212 ex
1719 4153 2094 4225 inscriptione
2140 4151 2217 4208 de
2267 4152 2495 4224 legibus

317 4231 624 4288 locationis
662 4233 873 4289 theatri
910 4238 1252 4306 Piraeensis,
1293 4237 1469 4306 Corp-
1507 4233 1690 4287 Inser.
1728 4245 1827 4282 no.
1867 4226 1993 4283 1⁰2.

463 4339 524 4419 4)
560 4318 1092 4399 Plutar0h.Pe'1·iol.
1129 4356 1174 4398 a
1215 4342 1268 4401 e.
1338 4336 1598 4397 noeckh.
1636 4339 1669 4392 1
1711 4323 1764 4403 p.
1802 4330 1930 4389 236.

1661 4468 1674 4475 -
1951 4430 2052 4508 2⁰
2071 4432 2110 4471 ἢ
