3067 4975
604 380 746 455 192
1003 377 1083 452 V.
1128 376 1252 451 De
1288 398 1390 470 ‚re
1419 370 1742 472 publica
1788 371 2384 461 Athenoensmm.
2461 471 2466 482 ε

599 563 1043 660 suffragium
1075 553 1493 634 clanculum
1518 551 1939 632 ferentibus
1966 554 2057 646 ⁵).
2154 550 2260 625 Et
2304 546 2429 625 vel
2475 553 2587 634 sic
2621 575 2775 649 per

594 664 855 756 γραφὴν
899 660 1302 747 παρανόμων
1359 655 1786 751 impugnari
1848 649 2191 750 poterat,
2256 650 2321 721 si
2388 653 2553 747 quis
2616 673 2774 720 non

597 761 937 854 legitima
982 755 1277 824 ratione
1328 775 1468 823 nec
1519 752 1720 822 iusta
1747 774 1973 821 causa
2002 746 2251 820 datam
2285 752 2648 842 argueret
2674 747 2773 839 ⁶).

600 856 790 948 Qui,
831 856 1076 921 autem
1149 845 1411 946 populi
1474 841 1846 930 beneficio
1908 850 1985 917 in
2054 844 2425 915 civitatem
2486 843 2776 939 recepti

600 951 844 1038 erant,
894 950 1312 1035 δημοποίητοι
1357 951 1485 1016 aut
1535 946 1761 1016 etiam
1812 939 2249 1040 simpliciter
2294 944 2545 1028 ποιητοὶ
2569 935 2774 1010 dice·
2817 1022 2823 1026 ¹

601 1050 878 1127 bantur
905 1043 1018 1135 ⁷),
1080 1066 1222 1114 nec
1285 1037 1506 1137 plane
1560 1036 1823 1113 eodem
1876 1063 2040 1111 cum
2087 1036 2438 1133 ingenuis
2486 1030 2776 1105 civibus

597 1155 761 1224 iure
824 1140 1062 1216 erant.
1162 1138 1359 1209 Nam
1416 1133 1767 1209 tribubus
1828 1134 2125 1237 quidem
2186 1134 2264 1204 et
2337 1133 2563 1227 pagis
2641 1128 2774 1202 ad-

600 1238 977 1427 ῑῑῑξεεὶἓς
1024 1234 1681 1405 Ρὲῑῑὲῑξῑὲῑωεε
1728 1235 1812 1403 εἴ
1855 1227 2777 1402 5:23332212032‘2‘3223

602 1385 1046 1518 a'rchontm'n
1097 1356 1712 1524 magistratqu),
1776 1429 2051 1528 quippe
2119 1445 2334 1523 quem
2397 1418 2611 1517 leges
2650 1417 2773 1493 ⁴ab

598 1545 695 1616 iis
761 1531 1054 1610 tantum
1121 1527 1289 1625 capi
1353 1521 1756 1619 iuberent„
1790 1529 1918 1626 qni
1969 1526 2168 1597 cives
2219 1521 2476 1594 essent
2522 1520 2595 1586 ἐκ
2634 1542 2773 1609 τρι·
2811 1513 2828 1532 “

596 1644 819 1748 γονίας
844 1627 965 1724 ¹¹).

1518 1785 1580 1866 §.
1619 1772 1837 1850 XIX.

791 1913 1149 2010 Ingenui,
1225 1908 1296 1988 b.
1351 1935 1416 1984 e.
1467 1912 1596 2008 qui
1662 1913 1815 1982 no'n
1882 1901 2057 2001 lege
2127 1896 2262 1974 sed
2330 1898 2604 1972 natura
2666 1898 2773 1969 ci-

597 2042 732 2094 ves
781 2020 951 2083 sunt
981 2013 1073 2107 ¹),
1121 2012 1198 2081 in
1250 2006 1398 2080 duo
1453 2013 1530 2080 ct
1579 2012 1722 2109 ipsi
1771 2025 2062 2103 genera
2127 1996 2356 2070 dividi
2418 1996 2770 2095 possunt,

599 2114 912 2190 alterum
980 2132 1239 2181 eorum
1305 2106 1432 2205 qui
1496 2110 1832 2177 πολιτείαν
1891 2096 2189 2198 quidem
2253 2092 2568 2184 babent,
2633 2088 2771 2164 sed

599 2212 860 2289 carent
921 2206 1269 2292 α’γχιστείᾳ,
1348 2197 1706 2288 alterum,
1790 2198 1917 2293 qui
1980 2190 2280 2292 «habent
2352 2196 2770 2289 utramque.

734 2416 798 2486 5)
838 2415 1036 2543 (ζιζθίιι
1072 2410 1288 2465 Neaer.
1329 2420 1386 2476 P.
1441 2407 1599 2478 1375,
1647 2403 1737 2461 13.
1808 2401 2245 2458 Sainte-Groix
2291 2417 2391 2453 sur
2430 2394 2517 2451 les
2556 2400 2773 2451 metoe-

599 2510 743 2569 ques
773 2502 827 2555 P.
973 2523 989 2541 .
2452 2506 2458 2515 ,

738 2593 802 2667 6)
843 2597 942 2648 Or.
979 2595 1042 2645 in
1076 2589 1289 2644 Ncaer.
1327 2586 1366 2642 l.
1404 2585 1448 2644 1.
1484 2605 1540 2642 V.
1580 2588 1670 2641 22.
1744 2581 1894 2640 Add.
1931 2583 2136 2637 Meicr.
2174 2592 2231 2645 P.
2269 2548 2339 2634 57
2376 2583 2498 2632 not.
2537 2577 2664 2632 190.

739 2703 801 2773 7)
839 2702 1115 2771 Harpocr.
1156 2715 1200 2749 s.
1237 2714 1294 2749 v.
1333 2694 1679 2764 δημοποίητος.
1740 2689 1902 2744 Suid.
1924 2688 2095 2743 Pbot.
2117 2685 2267 2740 Poll.
2305 2686 2408 2747 111,
2444 2686 2533 2740 56.
2596 2686 2773 2739 Hem-

599 2776 776 2835 stecb.
825 2773 894 2827 ad
945 2774 1122 2825 Arist.
1168 2766 1322 2821 Plut.
1371 2764 1552 2819 schol.
1608 2765 1763 2817 1014.
1843 2761 2008 2814 Dein.
2061 2766 2161 2813 ctr.
2202 2757 2476 2829 Stephan.
2517 2768 2569 2822 Ρ.
2614 2759 2773 2826 1125,

600 2856 652 2906 5.
692 2878 761 2891 --
797 2846 849 2899 E
885 2842 1099 2909 ποιητῶν
1130 2843 1365 2891 nomine
1402 2834 1715 2889 cavillandi
1753 2836 2113 2886 occasionem
2159 2831 2402 2901 sumpsit
2448 2831 2613 2889 Dein.
2653 2828 2693 2881 l.
2730 2829 2770 2882 l.

597 2938 652 2990 p.
696 2920 853 2986 1133,
892 2914 1146 2979 17—22,
1182 2929 1216 2963 a
1256 2927 1370 2980 quo
1409 2908 1681 2979 deceptus
1719 2901 2127 2957 Wacbsmutb.
2164 2904 2211 2969 1,
2251 2903 2283 2955 1
2321 2913 2375 2965 Ρ.
2415 2901 2521 2953 254
2559 2900 2773 2953 adscri-

597 2995 804 3068 pticios
855 2991 1014 3041 cives
1062 3001 1173 3035 nec
1220 2987 1615 3049 testamentem
1665 2976 1860 3030 facere
1906 2975 2166 3047 potuisse
2211 2989 2401 3043 neque
2448 2989 2661 3024 uxores
2710 2973 2776 3024 in

596 3084 772 3119 manu
806 3060 1075 3114 habuisse
1112 3052 1370 3109 credidit.
1400 3110 1405 3119 ,
1445 3050 1584 3105 Sed.
1620 3049 1738 3103 vid.-
1776 3050 2034 3100 Bunsen.
2073 3044 2144 3097 de
2180 3046 2290 3098 iur.
2326 3042 2444 3095 ber.
2493 3054 2551 3107 P.
2595 3043 2668 3118 58
2717 3048 2777 3096 ct

596 3139 801 3192 Meier.
835 3133 873 3186 l.
914 3130 952 3185 l.
998 3141 1048 3194 P.
1077 3127 1164 3182 61.
2243 3166 2246 3169 ,

643 3254 655 3261 “
735 3241 797 3309 8)
838 3242 936 3293 Or.
978 3237 1037 3288 in
1075 3235 1286 3287 Neaer.
1327 3243 1381 3296 P.
1425 3228 1585 3291 1380,
1621 3229 1708 3282 25.
1751 3231 1810 3279 ct
1847 3222 1944 3278 all.
1984 3243 2074 3295 ap.
2111 3217 2507 3275 Hemsterlms.
2545 3218 2585 3273 l.
2624 3219 2661 3273 l.
2705 3245 2774 3259 —-

597 3316 750 3370 Hinc
784 3325 1195 3378 nonnunquam
1246 3306 1403 3356 cives
1452 3298 1802 3370 adscripticii
1852 3296 2156 3368 dupliciter
2206 3300 2266 3347 et
2317 3311 2352 3345 a
2386 3290 2635 3344 naturali
2673 3310 2774 3363 pa-

598 3389 713 3439 tria
751 3391 809 3437 et
846 3402 880 3435 a
914 3397 1064 3453 pago
1100 3379 1296 3430 Attico
1335 3373 1720 3445 appellantur,
1754 3378 1820 3423 ut
1850 3365 2155 3443 Ἀρχέδημος
2184 3364 2213 3420 ὅ
2250 3367 2485 3440 Φηραῒος
2514 3362 2607 3417 καὶ
2638 3364 2774 3417 Χολ-

539 3534 543 3540 .
594 3457 768 3525 λειδης.
806 3457 976 3523 Oorp.
1013 3451 1191 3502 Inscr.
1229 3466 1325 3499 no.
1366 3447 1487 3500 456.
1528 3445 1581 3498 6.
2042 3480 2048 3487 ,

733 3561 799 3632 9)
834 3558 972 3611 vid.
1011 3555 1142 3608 infr.
1186 3572 1305 3625 cap.
1345 3554 1380 3605 2
1418 3551 1470 3621 ξ.
1511 3552 1599 3604 52.

737 3666 837 3739 10)
879 3668 974 3719 Or.
1016 3667 1080 3718 in
1113 3663 1325 3715 Neaer.
1369 3671 1421 3725 P.
1465 3657 1626 3724 1376,
1664 3656 1750 3710 16.
1790 3651 1864 3707 cf.
1908 3651 2067 3720 1380,
2101 3651 2190 3706 26.

737 3773 830 3840 11)
868 3772 1018 3828 Poll.
1057 3771 1225 3834 vm,
1262 3769 1350 3822 85.
1423 3767 1627 3837 Itaque
1676 3781 1757 3815 or.
1810 3762 1870 3812 in
1916 3758 2130 3815 Neaer.
2183 3770 2235 3824 Ρ.
2279 3757 2437 3824 1376,
2489 3759 2575 3813 18.
2615 3759 2775 3829 1381,

595 3847 666 3902 21
706 3854 806 3900 aut
839 3848 1028 3898 minus
1067 3848 1330 3896 accurate
1367 3837 1643 3910 loquutus
1684 3840 1798 3895 est,
1849 3849 2022 3904 quum
2060 3834 2172 3883 iam
2210 3828 2345 3882 filiis
2384 3829 2796 3902 adscripticio-⁴

594 3938 723 3972 rum
759 3921 926 3972 iustis
960 3918 1175 3988 nuptiis
1210 3913 1525 3984 procreatis
1563 3905 1667 3959 illa
1702 3907 1831 3956 iura
1875 3902 2101 3969 tribuit,
2151 3920 2297 3973 quae
2344 3900 2592 3954 fortasse
2639 3903 2774 3956 Pla-

596 3990 926 4045 taeensibus
962 3994 1184 4041 tantum
1220 3976 1588 4054 Hippocratis
1623 3976 1755 4042 lege
1795 3973 1877 4040 (Ρ.
1920 3973 2078 4040 1380,
2117 3970 2240 4040 27.)
2280 3991 2554 4026 concessa
2591 3982 2776 4040 erant,

597 4071 712 4129 aut,
751 4061 906 4134 quod
939 4061 1136 4113 verius
1172 4062 1331 4129 puto,
1369 4054 1466 4106 lex
1502 4070 1538 4103 a
1572 4048 1815 4102 Polluce
1865 4051 2179 4098 memorata
2224 4049 2425 4116 postea
2474 4044 2800 4097 observari·

594 4135 857 4260 desggratt.
887 4129 1033 4260 232¹..
1086 4130 1327 4182 Sainte-
1348 4126 1528 4180 Oroix
1569 4118 1609 4173 l.
1646 4118 1686 4172 l.
1726 4131 1783 4183 P.
1823 4118 1946 4172 178.
2028 4117 2234 4170 Meier.
2289 4115 2361 4169 de
2404 4112 2770 4170 bon.‘damn.

593 4220 649 4272 p.
797 4224 827 4258 e
994 4242 1007 4255 .

732 4310 791 4375 1)
830 4311 987 4365 me·
1036 4313 1134 4361 aut
1177 4309 1316 4376 γένει
1359 4303 1582 4378 πολῖται.
1649 4293 1955 4351 Demostb.
2002 4312 2127 4366 pro.
2146 4293 2378 4349 Pborm.
2418 4307 2478 4361 P.
2514 4293 2638 4362 853,
2675 4295 2763 4350 23.

592 4388 655 4439 in
691 4382 967 4455 stephan.
1004 4383 1035 4433 1
1070 4393 1123 4451 P.
1164 4379 1326 4440 1125,
1361 4376 1413 4430 4.
