3067 4975
552 403 559 409 ·
619 372 762 445 422
1016 372 1146 449 VI.
1193 373 1313 447 De
1358 372 1743 448 institam
1789 370 1986 447 iuris
2010 372 2384 467 gentium.

622 581 766 655 qne
817 552 1310 628 conventibus
1330 555 1448 647 13).
1515 549 2030 628 Sacerdotum‘
2072 579 2161 627 ac
2212 555 2791 651 magistratuum

627 678 665 724 e
715 650 1116 750 metropoli
1167 655 1241 724 in
1296 653 1662 724 coloniam
1730 654 2124 724 missorum
2188 676 2428 750 panca
2492 657 2791 727 tantum

626 746 970 848 exempla
1034 745 1532 844 babemus14),
1594 773 1839 845 neque
1904 752 2205 821 omnino
2283 746 2427 821 boc
2502 746 2789 824 sactum

608 871 799 928 ,esse
874 844 1173 918 videtur
1248 849 1389 918 nisi
1454 850 1527 917 in
1604 848 1695 916 iis
1769 843 2126 936 coloniis,
2201 870 2392 943 quae
2464 853 2794 944 propter

627 966 930 1014 suarum
978 945 1242 1015 virium
1303 940 1807 1016 infirmitatem
1869 944 2136 1013 maiori
2197 946 2278 1016 et
2334 943 2799 1040 opulentiori

629 1037 1028 1136 metropoli
1101 1043 1346 1137 magis
1421 1036 1801 1112 obnoxiae
1874 1044 2215 1135 agerent.
2323 1041 2601 1112 Forma
2675 1044 2801 1114 rei

630 1132 976 1233 publicae
1026 1134 1094 1209 le
1156 1160 1387 1237 esque
1438 1140 1516 1209 et
1563 1136 1908 1207 instituta
1971 1134 2432 1209 coloniarum
2498 1140 2575 1208 in
2622 1140 2800 1211 uni-

635 1257 924 1305 versum
977 1237 1098 1333 qni
1150 1258 1271 1305 -em
1340 1230 1438 1305 ad
1504 1230 1948 1329 metropolis
2011 1232 2429 1329 exemplum
2484 1233 2801 1307 ordina--

636 1327 865 1423 taff),
942 1327 1108 1403 fieri
1170 1333 1415 1402 tanoen
1486 1354 1636 1401 non
1700 1330 1944 1426 potuit
2006 1329 2183 1426 quin
2265 1326 2626 1427 plurimae
2706 1334 2795 1404 in

634 1423 1014 1595 plerisaue
1064 1434 1192 1499 aut
1238 1429 1490 1499 statim
1542 1429 1638 1499 ab
1687 1427 1898 1497 initio
1951 1435 2081 1497 ant
2102 1426 2559 1524 procedente
2608 1432 2801 1501 tem-

634 1548 823 1621 pore
927 1527 1346 1597 iversitates
1412 1525 1861 1615 existerent,
1925 1547 2146 1621 quum
2213 1548 2451 1623 neque
2519 1531 2800 1616 omnia,

639 1645 829 1720 quae
904 1619 1348 1721 metropoli,
1424 1623 1647 1695 etiam
1729 1643 1972 1692 novae
2046 1614 2215 1692 urbi
2286 1624 2804 1714 convenirent,

637 1742 777 1790 nec
829 1740 1021 1819 qnae
1070 1721 1377 1817 recepta
1426 1723 1646 1790 erant
1693 1718 1981 1790 servari
2029 1719 2229 1790 inter
2279 1714 2618 1792 diversas
2686 1723 2803 1792 vi-

637 1814 854 1888 vendi
932 1815 1420 1889 condiciones
1494 1812 1716 1888 facile
1794 1819 2135 1912 possent.
2247 1814 2441 1888 Hinc
2520 1814 2806 1891 multae

636 1906 848 1983 brevi
896 1919 1235 2011 tempore
1287 1939 1332 1984 a
1396 1907 1841 2010 parentibus
1907 1935 2062 1984 non
2129 1908 2610 1987 mediocriter
2659 1912 2800 1987 de-

632 2012 1136 2103 generarunt,
1207 2013 1677 2108 maximaque
1737 2009 1960 2081 enata
2029 2009 2149 2080 est
2209 2033 2569 2081 novarum
2635 2009 2803 2082 for-

638 2129 922 2177 marum
981 2108 1330 2195 varietaS‚
1404 2129 1715 2224 quarum
1778 2102 2140 2202 adspectu
2203 2107 2279 2177 et
2337 2110 2802 2204 contagione

639 2205 862 2273 etiam
907 2208 1201 2277 veteres
1247 2228 1526 2302 passlm
1590 2204 1931 2273 civitates
1989 2198 2465 2275 multifariam
2531 2229 2577 2275 a
2635 2207 2801 2301 pri-

638 2301 831 2370 stina
878 2304 1171 2373 ratione
1220 2303 1484 2400 viaque
1535 2300 1837 2371 avocari
1887 2323 2196 2372 necesse
2249 2304 2441 2371 erat.
2528 2300 2801 2399 Neque

643 2397 833 2466 intra
883 2394 1164 2469 formas
1213 2421 1464 2469 rerum
1525 2393 1992 2495 publicarum
2053 2397 2544 2496 institutaque
2606 2401 2797 2470 civi-

642 2491 739 2563 lia
800 2491 1217 2567 huiusmodi
1283 2496 1735 2569 mutationes
1806 2488 2413 2585 continebantur,
2490 2491 2624 2567 sed
2687 2494 2795 2567 ad

640 2615 898 2662 omnes
974 2594 1262 2689 pariter
1348 2594 1546 2665 vitae
1619 2596 1913 2686 parteS,
1987 2588 2082 2663 ad
2160 2592 2403 2683 arteS,
2474 2586 2801 2685 litteras,

640 2683 1103 2784 disciplinam
1167 2684 1682 2786 pertinebant,
1760 2709 1952 2786 quae
2032 2681 2346 2759 liberius
2420 2687 2799 2763 tractatae

640 2784 1054 2883 veterisque
1104 2781 1662 2871 consuetudinis
1713 2779 2026 2861 vinculis
2054 2781 2348 2856 solutae
2396 2808 2664 2860 novam
2711 2789 2797 2858 in

638 2882 849 2951 novis
939 2879 1360 2953 civitatibus
1447 2878 1712 2951 faciem
1792 2875 2244 2968 induebant,
2320 2879 2799 2980 novandique

636 2980 858 3051 etiam
906 2977 1289 3058 veteribus
1338 2973 1757 3073 exemplum
1809 2983 2032 3074 atque
2061 2974 2452 3074 impulsum
2490 2975 2796 3054 dabant.

1470 3188 1528 3258 §.
1579 3175 1942 3251 XXVIII.

824 3347 1128 3421 Diversi
1172 3348 1509 3443 generis,
1560 3343 1941 3443 multoque
1992 3344 2232 3443 magis
2279 3344 2795 3423 Romanorum

776 3604 865 3674 13)
903 3603 1169 3685 Thucyd.
1204 3605 1245 3664 l.
1280 3606 1317 3661 l.
1353 3624 1480 3660 enm
1518 3605 1698 3663 schol.

773 3727 868 3799 14)
904 3733 996 3789 De
1030 3731 1442 3797 sacerdotibus,
1483 3733 1706 3784 etiamsi
1741 3727 2087 3784 scholiastae
2124 3727 2390 3803 Thucyd.
2428 3729 2468 3783 l.
2504 3728 2546 3783 l.
2583 3732 2797 3800 exigua

634 3805 942 3856 auctoritas
1003 3811 1106 3876 est,
1160 3804 1280 3857 vid.
1343 3809 1535 3857 tamen
1590 3799 1900 3875 spanhem.
1965 3821 2021 3873 p.
2081 3801 2491 3868 575,3E0kh01.
2550 3802 2794 3861 doctrin.

630 3891 843 3930 numm.
879 3876 967 3927 lv
1003 3887 1058 3941 p.
1106 3877 1227 3929 206.
1296 3877 1388 3928 De
1433 3875 1839 3947 epidamiurgis
1897 3872 2177 3927 Corintho
2224 3875 2557 3927 Potidaeam
2604 3878 2796 3930 missis

633 3945 747 3998 vid.
787 3944 1048 4015 Thucyd.
1091 3948 1132 4011 Ι,
1170 3947 1258 4000 56.
1298 3945 1417 3999 Sed
1453 3945 1794 4018 κυθηροδῖκας
1826 3946 2089 4016 Heyninn
2120 3956 2177 4010 Ρ.
2225 3945 2333 4000 323
2375 3964 2496 3999 non
2546 3945 2797 4002 debebat

634 4018 746 4075 huo
779 4015 1011 4076 referre.
1050 4019 1139 4072 Cf.
1179 4038 1334 4090 supr.
1370 4020 1438 4072 P.
1473 4020 1563 4071 lv
1604 4017 1655 4082 §-
1691 4018 1746 4086 5,
1780 4018 1835 4070 5.

775 4142 865 4203 15)
906 4141 996 4195 cf.
1036 4140 1302 4210 Thucyd.
1339 4141 1443 4202 vl,
1477 4142 1532 4199 4.
1570 4140 1737 4197 Pina.
1778 4139 1953 4212 Pyth.
1993 4142 2045 4207 l,
2080 4139 2173 4196 61.
2206 4141 2336 4195 Huc
2354 4143 2604 4265 pertinet
2638 4141 2795 4212 quod

634 4220 801 4270 etiam
837 4231 1194 4267 nummorum
1233 4210 1430 4265 eadem
1463 4215 1526 4266 in
1563 4213 1807 4267 coloniis
1825 4231 1975 4292 quac
2007 4215 2071 4266 in
2105 4218 2362 4285 metr-opo
2386 4232 2407 4267 ι
2426 4227 2592 4283 signa
2613 4220 2797 4267 erant.

632 4287 938 4367 Spanhem·
978 4299 1034 4356 P.
1071 4286 1178 4340 568
1213 4303 1335 4362 sqq·
