3067 4975
580 374 729 450 284
982 373 1064 451 V.
1111 358 1232 449 De
1276 394 1367 447 rc
1400 371 1718 475 publica
1762 370 2354 450 Athenabnswm.
2432 369 2446 394 “’

583 557 771 634 culis
833 557 969 633 aut
1028 556 1306 631 ceratis
1374 551 1674 629 tabeliis
1732 552 2140 630 utebantur
2177 557 2292 651 ¹⁷).
2406 558 2782 659 Tempus·

578 660 807 731 etiam
872 654 1043 729 huic
1103 652 1196 727 de
1258 651 1724 726 aestimanda
1781 650 1915 727 lite
1964 657 2246 727 actioni
2295 652 2395 728 ad
2445 654 2744 758 clepsy-

583 751 797 827 dram
846 750 1157 827 finitum.
1257 752 1343 823 In
1403 747 1845 847 quibusdam
1907 755 2153 824 causis
2201 754 2594 851 irrogatae
2643 749 2743 828 ab

584 858 855 925 actore.
912 851 1045 921 aut
1107 845 1455 921 definitae
1516 844 1694 945 lege
1809 872 2049 922 oenue
2100 848 2320 922 etiam
2369 847 2546 924 addi
2596 849 2746 925 alia

581 973 857 1066 poena,
907 942 1114 1020 velut
1157 940 1478 1037 vincula,
1545 968 1592 1016 a
1639 874 2006 1018 iudicibus
2052 947 2383 1044 poterat,
2435 949 2518 1020 si.
2549 973 2746 1021 unus

580 1050 1006 1143 irrogaret,
1083 1043 1317 1115 ceteri
1383 1043 1835 1117 assentirent
1860 1042 1977 1134 ¹⁸).
2096 1042 2308 1116 Alias
2368 1065 2595 1117 unam
2670 1051 2748 1117 et
2857 1107 2864 1112 .

583 1141 992 1240 simplicem
1053 1164 1378 1238 poenam
1438 1136 1656 1235 leges
1723 1164 1895 1215 esse
1958 1134 2325 1213 iubebant
2363 1141 2489 1237 ¹9).
2605 1140 2745 1215 nis

581 1235 929 1312 omnihus
986 1237 1313 1334 peractis
1378 1239 1752 1310 sententia
1822 1263 1870 1310 a
1918 1239 2365 1334 magistratu
2413 1261 2746 1334 pronun-

583 1334 924 1410 ciabatur
959 1334 1056 1427 ²⁰)
1128 1330 1561 1432 iudicesque
1625 1330 2206 1408 dimittebantur.
2328 1332 2740 1433 Ampliatio

580 1434 661 1507 in
722 1432 1125 1507 heliasticis
1188 1425 1488 1509 iudiciis
1550 1438 1683 1505 aut
1744 1428 1953 1505 nulla
2013 1439 2141 1505 aut
2200 1456 2379 1505 rara
2439 1433 2607 1506 erat
2669 1436 2744 1507 et

581 1529 1194 1606 extraordinaria
1221 1526 1340 1620 21).

1492 1767 1561 1848 5.
1609 1750 1817 1829 mx.

768 1913 1363 2012 Diaetetorum‚-
1397 1917 1901 2022 quadraginta
1949 1921 2275 1992 virorum
2328 1919 2441 2013 et,
2515 1924 2595 1992 ut
2641 1920 2745 1992 vi-

580 2014 822 2111 detur,
871 2017 1446 2093 nautodicarum
1496 2016 1776 2092 iudicia
1836 2014 1928 2089 ab
1982 2012 2391 2089 heliasticis
2444 2041 2535 2091 eo
2588 2042 2741 2088 ma-

579 2118 786 2190 xime
839 2113 1330 2209 differehant,
1383 2113 1581 2216 quod
1632 2112 1831 2214 apud
1887 2111 2192 2187 eosdem
2243 2114 2323 2188 et
2367 2116 2744 2186 instruen-

579 2211 723 2285 dae
775 2212 929 2288 litis
982 2223 1186 2288 cura'
1215 2220 1290 2287 et
1314 2215 1729 2286 instructae
1754 2208 2186 2283 diiudicatio
2221 2212 2409 2304 erat,
2461 2237 2558 2284 ex
2589 2236 2741 2311 quo

578 2312 1099 2410 consequitur,
1175 2336 1368 2411 quae
1431 2312 1511 2382 in
1573 2308 1984 2383 heliasticis
2044 2305 2336 2380 iudiciis
2399 2332 2446 2380 a
2504 2310 2741 2405 magi-

575 2404 976 2503 stmtihm,
1055 2434 1148 2481 ea
1212 2412 1292 2503 in
1358 2404 1476 2480 his
1540 2405 1636 2480 ab
1697 2409 1884 2506 ipsis
1946 2399 2318 2477 iudicibus
2375 2404 2739 2505 pleraque

573 2508 826 2577 omnia
874 2505 1173 2603 agenda
1216 2504 1480 2582 fuisse.
1547 2505 1651 2578 Et
1699 2502 2205 2606 quadraginta
2251 2505 2392 2574 v1ri
2443 2500 2737 2602 quidem

571 2603 799 2702 atque
850 2602 1296 2676 nuutodicae
1347 2610 1422 2676 et
1469 2600 1941 2701 recipiebant
1986 2605 2130 2700 ipsi
2179 2602 2519 2673 actiones
2547 2624 2741 2698 quae

570 2697 670 2772 ad
729 2697 1319 2773 iurisdictionem
1369 2726 1579 2773 suam
1626 2700 2130 2797 pertinerent,
2194 2704 2268 2770 et
2316 2693 2738 2794 disceptata

572 2800 1032 2898 cognitaque
1080 2823 1311 2870 causa
1362 2798 1805 2886 sententiam
1845 2791 2472 2894 pronunciabant,
2507 2792 2734 2889 ‘nullo

567 2895 1113 2970 interveniente
1157 2897 1648 2993 magistratu,
1712 2918 1931 2995 quam
1981 2892 2081 2964 ob
2138 2917 2323 2983 rem,
2369 2891 2457 2962 ut
2503 2917 2592 2963 su
2648 2914 2736 2963 ra

573 2990 849 3066 dictum
915 2993 1068 3087 est,
1146 2989 1259 3065 illi
1320 2994 1544 3066 etiam
1591 2994 1738 3090 ipsi
1785 3016 1929 3088 pro
1978 2986 2553 3086 magistratibus
2653 3012 2735 3058 a·

565 3084 737 3165 beri
783 3096 1127 3188 possunt.
1224 3088 1600 3163 Diaetetis
1652 3089 1897 3161 autem
1946 3112 2218 3160 causae
2269 3112 2315 3158 a
2347 3088 2733 3178 magistu-a-

566 3186 775 3261 tibus
829 3189 1136 3286 petente
1203 3190 1469 3261 actore
1529 3182 2079 3284 delegabantur
2108 3185 2203 3281 ¹),
2285 3187 2360 3257 et
2410 3181 2732 3282 quidem,

608 3557 622 3573 .
659 3519 784 3585 181,
827 3518 1116 3571 removeri
1165 3516 1409 3571 fortasse
1456 3520 1695 3589 possint.
1770 3517 1862 3571 Of.
1911 3523 2102 3570 tamen
2135 3514 2377 3568 Heffter.
2427 3533 2483 3585 p.
2521 3512 2628 3567 334
2674 3517 2734 3565 et

565 3539 807 3647 {latner
842 3591 874 3645 l
911 3609 968 3663 Ρ.
1008 3589 1334 3645 198-202.
1407 3589 1561 3643 Add.
1595 3589 1836 3644 Annall.
1876 3593 2022 3647 oritt.
2060 3587 2254 3645 Berol.
2293 3586 2335 3641 l.
2369 3585 2411 3640 l.
2447 3604 2506 3658 Ρ.
2540 3584 2696 3640 1387.

709 3715 808 3785 17)
846 3713 1106 3770 Πινάκων
1137 3710 1403 3784 τιμητικόν.
1478 3715 1548 3772 Ρ.
1583 3714 1654 3767 A.
1692 3734 1747 3786 p.
1786 3713 1911 3770 726.

708 3821 808 3891 18)
842 3821 992 3880 nna,
1026 3841 1084 3895 ρ.
1121 3819 1229 3875 724
1260 3792 1351 3892 sq.

706 3922 808 3997 19)
842 3926 987 3982 nsid.
1021 3948 1078 4001 Ρ.
1115 3927 1222 3982 725
1256 3932 1374 3981 not.
1411 3927 1500 3982 71.
2160 3964 2166 3969 -

707 4032 805 4101 20)
844 4032 1149 4106 Ἀπόφανσις
1190 4034 1274 4101 τῆς
1314 4033 1466 4099 δῖκής.
1543 4032 1691 4087 Ibid.
1738 4053 1795 4105 p.
1842 4033 1965 4088 726.
2035 4032 2126 4086 De
2174 4031 2382 4085 tabulis
2419 4027 2727 4087 iudiciariis

565 4111 629 4162 in
661 4112 884 4160 metroo
922 4107 1232 4183 asservatiq
1261 4106 1342 4162 ib.
1376 4125 1430 4177 Ρ.
1472 4105 1597 4160 727.
2019 4150 2028 4160 .
2451 4118 2460 4129 ‘

702 4209 805 4280 21)
840 4213 921 4266 V.
958 4230 1007 4265 o.
1042 4184 1284 4284 propter
1317 4212 1607 4285 διρσημίαν.
1647 4260 1651 4265 ,
1680 4210 1824 4265 lbid.
1856 4231 1913 4284 Ρ.
1952 4211 2074 4264 727.
2103 4222 2108 4227 ’
2678 4266 2684 4270 .
2728 4250 2758 4283 ·,

703 4314 770 4388 1)
808 4318 947 4372 vid.
985 4318 1381 4375 Hudtwalker.
1419 4332 1476 4384 p.
1513 4317 1766 4374 64-74.
1832 4320 1923 4373 De
1940 4316 2268 4390 εἴσαγωγεῢσι
2279 4315 2541 4373 Pollucis
2559 4315 2722 4383 vm,
2780 4354 2787 4365 .

565 4391 641 4448 93
675 4389 829 4446 conf.
865 4391 1070 4448 Meier.
1107 4392 1277 4448 Proc.
1312 4394 1435 4451 Act.
1470 4411 1527 4465 Ρ.
1564 4390 1689 4446 114.
