3067 4975
749 400 874 475 II.
938 398 1058 473 De
1111 397 1597 471 Graecorum
1644 396 2031 497 stirpibus.
2381 375 2522 471 41'

302 606 438 661 sae
488 567 586 655 ab
637 573 1083 654 Hellenibus
1135 604 1179 654 e
1213 578 1541 653 Graecia
1588 583 2005 671 cesserunt,
2056 578 2190 652 aut
2236 579 2306 652 si
2353 579 2483 696 qui

194 719 203 726 ·
295 677 805 765 remanerent,
852 677 964 748 ita
1011 675 1263 749 tamen
1301 674 1605 749 mutata
1654 677 1775 749 est
1819 700 2072 749 rerum
2111 674 2482 766 condicio,

295 791 388 850 ut
432 777 605 849 istis
653 768 1085 846 nominibus
1135 771 1363 872 plane
1416 768 1878 846 oblitteratis
1929 798 2191 874 omnes
2241 772 2482 845 Grae-

285 875 469 1043 31..
516 867 850 1040 Ᾰέἒέἷῖἶῗιέ
910 870 1479 1039 ⁶33ff⁸ssass²53⁶
1498 868 2483 1041 elmssssmffssuil'pfissfiffffiss

296 994 609 1140 nbltsnine
654 1016 1113 1152 vocar-entur
1157 1064 1516 1135 universi.
1613 1062 1720 1135 Et
1751 1061 2109 1136 Hellenes
2163 1062 2483 1163 quidem,

297 1165 391 1236 ut
436 1186 671 1259 supra
720 1155 1253 1251 diximumah
1302 1160 1641 1233 Homero
1706 1161 1781 1232 in
1848 1157 2256 1233 Thessalia
2315 1161 2483 1234 tan·
2599 1185 2603 1189 ·

297 1262 462 1333 tum
531 1263 1214 1331 commemorantur
1280 1282 1434 1330 una
1495 1281 1663 1329 cum
1727 1253 2337 1355 Myrmidonibus
2410 1265 2487 1331 et

297 1354 651 1446 Achaeis,
698 1355 1157 1524 praeterfflm
1189 1379 1353 1473 ’eos'
1378 1351 1825 1446 Perrhaebi,
1873 1352 2269 1451 Lapithae,
2317 1357 2484 1428 Do-

298 1453 381 1528 lo
439 1478 549 1545 eS,
601 1451 990 1544 Centauri,
1091 1451 1860 1549 emanes‚·Magnetes
1894 1448 2209 1526 eandem
2237 1450 2485 1527 Thes-

299 1481 573 1630 saliam
617 1546 1037 1622 incolentes
1067 1548 1201 1644 ²),
1244 1572 1565 1649 qnorum
1628 1546 1974 1648 plerique
2022 1547 2293 1623 iisdem
2343 1578 2484 1625 no-

301 1644 637 1722 minibus
688 1645 908 1718 etiam
960 1647 1391 1743 posteriore
1450 1647 1800 1743 tempor-e
1857 1641 1965 1719 ibi
2025 1643 2485 1741 habitarunt,
2594 1657 2599 1676 ¹

300 1745 617 1844 praeter
677 1739 1086 1839 Lapithas,
1156 1742 1628 1831 Centauros,
1690 1740 2238 1842 Myrmidones
2331 1747 2486 1820 La·
2551 1781 2560 1790 =
2607 1783 2614 1790 ·

359 1839 557 1914 ithas
606 1843 783 1914 ante
832 1835 1109 1911 bellum
1136 1840 1555 1916 Troianum
1591 1838 1960 1913 Hercules
2009 1846 2489 1939 oppressisse

343 1945 554 2013 ertur
578 1936 695 2031 ³),
739 1933 867 2009 alii
895 1934 1224 2022 fortasse
1248 1936 1471 2009 extra
1495 1933 1977 2010 Thessaliam
2005 1936 2369 2035 fugerunt
2392 1940 2488 2035 4),

233 2119 237 2124 ,
308 2035 438 2109 alii
488 2036 687 2107 inter
734 2036 1111 2106 Aenianes
1165 2030 1662 2125 delituerunt,
1714 2057 1880 2105 cum
1934 2033 2210 2134 quibus
2260 2040 2508 2112 etiam

301 2128 829 2231 Myrmidones
890 2127 1270 2204 coaluisse
1341 2127 1695 2201 dicuntur
1721 2130 1811 2220 ⁵).
1913 2134 2271 2208 Ceterum
2332 2162 2489 2210 non

307 2227 611 2303 diversa
658 2254 706 2301 a
752 2225 1101 2324 Lapithis
1149 2251 1346 2323 gens
1393 2223 1908 2324 Phlegyarum
1958 2226 2127 2323 fuit,
2177 2235 2305 2332 qui
2353 2230 2488 2307 ali-

308 2323 613 2426 quando
678 2330 988 2423 praeter
1049 2321 1501 2396 Thessaliae
1564 2327 1862 2422 partem
1925 2329 2168 2404 ,etiam
2235 2331 2488 2403 Boeo-

306 2429 492 2497 tiam
542 2424 948 2496 tenuerunt
975 2422 1066 2513 ⁶).
1135 2421 1302 2493 Hos
1355 2445 1582 2520 quum
1631 2419 2085 2520 Delphicum
2135 2425 2491 2527 templum

306 2518 599 2594 violare
649 2523 1111 2592 conarentur
1157 2515 1434 2615 Apollo
1483 2514 1932 2616 perhibetur
1977 2546 2220 2620 paene
2256 2528 2496 2601 inter-

309 2621 618 2694 emisse:
689 2614 1053 2718 reliquiae
1124 2616 1380 2689 tamen
1466 2612 1862 2717 quaedam*
1917 2644 2178 2694 eorum
2265 2624 2488 2699 etiam

311 2825 472 2880 tibus
524 2831 584 2879 et
631 2824 704 2877 ad
754 2842 1058 2898 quamnam
1106 2822 1398 2877 referendi
1443 2825 1590 2891 sint,
1635 2828 1792 2879 certo
1837 2826 2085 2898 perspici
2128 2850 2251 2887 non
2283 2841 2493 2906 potest,

307 2896 621 2969 nisiquod
657 2898 983 2951 Centauros
1019 2896 1257 2948 fuerunt
1295 2899 1393 2968 qui
1426 2895 1768 2964 Lelegibus,
1815 2898 2118 2955 Caueones
2156 2913 2255 2959 aut
2287 2910 2495 2964 iisdem

310 2966 630 3038 Lelegibus
668 2974 767 3020 aut
804 2967 1065 3037 Pelasgis
1103 2967 1563 3020 adnumerarent.
1635 2966 1833 3023 Schol.
1871 2970 2045 3024 Pind.
2078 2975 2250 3044 Pyth.
2289 2980 2366 3047 11,
2404 2983 2496 3037 78.

309 3041 507 3096 strab.
543 3041 682 3109 XII,
716 3041 753 3094 3
788 3059 845 3112 p.
878 3040 1006 3093 542.
1039 3041 1332 3094 Mannert.
1370 3041 1588 3107 Geogr.
1623 3040 1778 3093 VIII
1810 3041 2020 3111 p..352.
2052 3045 2330 3104 Voelker.
2361 3049 2472 3125 My

311 3112 462 3168 thol.
501 3111 756 3183 Japetid.
794 3131 847 3182 p.
885 3112 1011 3165 345.
1084 3112 1355 3164 Dubitari
1393 3116 1582 3162 autem
1619 3128 1742 3163 non
1775 3116 1967 3182 potest
2001 3120 2140 3188 quin
2160 3116 2497 3193 Pelasgieao

309 3187 509 3258 stirpis
545 3182 709 3237 multi
745 3181 945 3254 populi
980 3200 1104 3235 non
1135 3180 1249 3247 hoe
1283 3181 1546 3252 generali
1579 3186 1814 3235 nomine
1848 3184 1953 3236 sed
1985 3196 2218 3262 proprio
2256 3197 2499 3270 quisque

311 3275 424 3310 suo
462 3255 610 3308 alius
645 3255 785 3308 alibi
830 3253 1152 3325 appellatus
1200 3257 1293 3320 sit,
1339 3252 1504 3307 velut
1542 3255 1779 3323 Graeci,
1828 3254 2163 3333 Thesproti,
2211 3265 2497 3331 Chaones,

311 3327 566 3383 Molossi
603 3329 665 3378 in
700 3327 749 3380 Ε
791 3328 878 3378 iro
916 3326 1184 3393 (Aristot.
1223 3328 1471 3379 Meteor.
1510 3326 1565 3391 1,
1608 3328 1690 3379 14.
1729 3327 1920 3398 steph.
1959 3332 2108 3401 Byz.
2144 3354 2191 3392 s.
2227 3357 2287 3392 ν.
2334 3346 2497 3416 Γραι-

311 3402 416 3454 κοί.
456 3398 665 3452 Welk.
714 3417 746 3450 a
835 3396 1101 3450 Alcman.
1148 3397 1351 3467 fragm.
1397 3418 1453 3470 p.
1493 3398 1580 3452 74.
1627 3395 1818 3469 Steph.
1854 3401 1999 3470 Byz-
2034 3423 2081 3458 ε.
2119 3426 2176 3461 v.
2202 3405 2402 3486 Ἐφυρα
2439 3421 2500 3466 et

314 3473 546 3527 Χαονία.
598 3458 760 3532 Plut.
790 3468 1000 3540 Pyrrh.
1040 3487 1088 3522 e.
1127 3469 1207 3536 1.)
1268 3487 1458 3541 neque
1511 3470 1708 3540 inepte
1764 3472 2036 3527 coniicias
2090 3477 2240 3533 illud
2284 3501 2500 3538 nomen.

317 3550 422 3597 aut
457 3541 529 3594 ab
569 3560 685 3594 uno
724 3540 919 3612 aliquo
957 3539 1202 3613 populo,
1253 3543 1351 3613 qui
1399 3539 1507 3593 hoo
1552 3543 1846 3611 proprium
1883 3543 2149 3612 baberet,
2193 3555 2257 3604 in
2299 3553 2497 3627 plures

315 3620 600 3683 cognatos
637 3612 977 3666 translatum
1012 3630 1157 3679 esse,
1196 3618 1298 3664 aut
1335 3614 1507 3664 etiam
1544 3611 1715 3682 plane
1740 3632 1859 3666 non
1881 3621 2176 3689 proprium
2213 3643 2358 3694 esse,
2393 3629 2499 3682 sed

313 3687 563 3742 inditum
602 3687 804 3760 priscis
843 3687 1246 3755 campestrium
1282 3686 1584 3751 regionum
1635 3683 1955 3741 cultoribus
2007 3691 2078 3743 ab
2127 3693 2367 3753 advenis
2412 3703 2501 3754 vi-

316 3757 606 3885 ctoriizbsus,
648 3758 762 3837 ‘qui
809 3755 1054 3809 editiora
1096 3755 1232 3810 loca
1284 3763 1679 3829 occupassent.
1762 3758 1856 3813 cf.
1910 3762 2178 3818 Mueller.
2224 3767 2498 3826 Orchom.

317 3843 380 3897 p.
530 3862 544 3878 .

467 3914 527 3982 a)
561 3915 730 3973 maa,
765 3916 844 3983 11,
882 3913 1006 3970 749.
1042 3915 1090 3977 1,
1126 3914 1252 3970 266.
1286 3898 1428 3983 ΧΠ,
1466 3916 1591 3972 178.
1634 3917 1755 3973 181.
1796 3919 1909 3973 od.
1938 3921 2106 3988 xx1‚
2143 3927 2266 3989 295..
2305 3911 2501 4001 11,1x'‚

316 3990 450 4047 486.
485 3990 563 4055 11,
599 3989 720 4041 743.
755 3989 865 4053 xl,
902 3986 1024 4040 831.
1061 3988 1138 4054 11,
1177 3986 1296 4042 749.
1333 3987 1460 4041 756.

465 4075 528 4143 3)
562 4074 829 4129 Mueller.
867 4072 1141 4132 Orchom.
1179 4096 1234 4148 p.
1271 4075 1394 4130 198.
1502 4072 1525 4103 Ψ

464 4166 526 4227 4)
559 4165 745 4219 Velut
777 4153 840 4217 in
875 4166 1147 4232 Atticam,
1198 4164 1299 4218 ubi
1334 4103 1647 4240 Heovffllid'oeo
1692 4166 1765 4221 ab
1813 4187 2009 4250 eorum
2058 4177 2318 4251 principe
2352 4183 2500 4236 Piri-

321 4239 463 4294 thoo
504 4237 640 4291 dieti
677 4235 1072 4291 credebantur.
1146 4236 1414 4292 Mueller.
1451 4236 1491 4290 l.
1525 4232 1588 4302 12
1605 4241 1730 4296 203.
2020 4246 2026 4251 '
2508 4283 2513 4288 .

466 4323 537 4394 ὅ)
575 4326 814 4409 Seymn.
851 4343 906 4377 v·
944 4325 1066 4382 615.
1287 4360 1292 4365 ·

469 4412 537 4485 6,)
564 4413 838 4476 luneller.
874 4413 1144 4473 Orchom.
1180 4433 1237 4488 p.
1277 4413 1395 4471 188-
1416 4430 1540 4488 sqq.
1641 4413 1645 4417 ⁴
