3067 4975
777 358 874 438 17.
918 358 1040 435 De
1074 353 1546 460 print-{patu
1589 350 1986 430 Graeciae.
2330 348 2477 426 425

329 546 526 617 nium
574 545 652 616 in
699 539 1232 640 Peloponneso
1256 533 1707 636 populorum
1757 536 1919 612 sine
1964 537 2485 613 controversia
2573 549 2576 556 ’

327 642 851 740 potentissimi,
923 635 1257 736 reliquos
1332 632 1740 733 plerosque
1829 632 2138 709 foedere
2224 657 2481 708 seeum

331 743 631 813 iunctos
695 732 1076 810 habebant
1141 735 1221 808 et
1280 734 1605 805 maxima
1666 732 1885 803 etiam
1935 730 2134 831 apud
2185 738 2485 804 eeteros

336 837 679 909 Graecos
752 835 1197 910 auctoritate
1277 824 1675 905 florebant.
1772 827 2176 903 Foederati
2238 835 2488 901 autem

249 999 259 1004 -
336 930 478 1006 sub
530 932 1081 1032 Spartanorum
1131 928 1552 1030 principatu
1614 934 1829 999 erant
1891 951 2152 1000 omnes
2215 931 2288 998 in
2340 927 2489 999 Pe-

337 1026 753 1128 loponneso
815 1028 1270 1116 Dorienses,
1335 1023 1675 1119 exeeptis
1750 1020 2121 1098 duntaxat
2189 1026 2493 1121 Argivis

338 1130 744 1225 paucisque
791 1126 985 1215 aliis,
1033 1147 1223 1221 quos
1252 1122 1514 1217 Argivi
1563 1122 1639 1192 in
1674 1123 2056 1217 potestate
2084 1118 2489 1211 habebant,

340 1230 740 1324 praeterea
790 1221 1395 1310 Hermionenses,
1446 1216 1864 1314 Tegeatae,
1913 1217 2083 1292 Elei
2144 1243 2310 1293 eum
2358 1219 2494 1292 Pi·

341 1324 532 1394 satis
597 1326 673 1393 et
734 1314 1171 1417 Triphyliis,
1237 1319 1607 1414 extraque
1673 1313 2284 1414 Peloponnesum
2344 1317 2495 1390 Ae-

397 1418 644 1489 inetae
694 1421 771 1489 et
818 1417 1312 1512 Megarenses
1338 1410 1423 1501 ⁵).
1520 1409 1878 1484 Formula
1926 1412 2258 1492 foederis
2310 1410 2496 1487 haee

339 1440 526 1587 fiere.
622 1514 953 1585 Primum
1017 1508 1109 1583 de
1169 1505 1400 1581 rebus
1463 1506 2015 1602 communibus,
2097 1507 2192 1584 de
2266 1506 2497 1603 bello,

344 1636 556 1709 paee,
605 1605 1044 1684 foederibus
1076 1604 1391 1679 consilia
1420 1603 1635 1677 'inter
1682 1630 1766 1678 se
1819 1608 2156 1682 civitates
2202 1632 2345 1706 per
2391 1605 2502 1682 le-

340 1713 568 1803 gatos
644 1703 1140 1778 conferebant
1164 1705 1275 1796 6),
1403 1704 1666 1802 arique
1726 1706 2051 1776 omnium
2112 1710 2277 1778 iure
2342 1701 2503 1777 suf-

348 1801 574 1902 fragii
625 1800 823 1903 quod
888 1797 1229 1899 pluribus
1294 1823 1339 1900 p
1372 1800 1698 1871 acuisset
1755 1823 2018 1874 omues
2081 1798 2394 1876 tenebat
2418 1801 2503 1887 ⁷).

352 1901 830 1999 Quamquam
883 1901 1007 1999 qui
1059 1893 1344 1970 viribus
1391 1898 1698 1994 praeter
1757 1897 2054 1971 eeteros
2103 1897 2505 1997 pollerent,

347 1998 519 2100 plus
569 2003 791 2070 etiam
839 1999 916 2069 in
966 1992 1321 2086 consiliis,
1372 1994 1436 2067 si
1487 2017 1640 2064 non
1688 1996 1873 2085 iure,
1923 1998 2007 2068 at
2052 1998 2507 2068 auctoritate

347 2102 597 2170 tamen
645 2094 966 2167 valuisse
1016 2094 1594 2165 consentaneum
1644 2091 1786 2181 est,
1836 2095 1916 2163 et
1948 2091 2505 2192 Spartanorum

349 2194 562 2264 tanta
623 2190 1062 2292 plerumque
1121 2185 1321 2289 apud
1390 2188 1657 2260 *omnes
1719 2190 2130 2262 auctoritas
2194 2187 2360 2281 fuit,
2421 2192 2511 2262 ut

351 2312 508 2362 non
556 2286 775 2363 facile
828 2285 1002 2388 quid
1061 2288 1156 2360 iis
1217 2286 1470 2360 invitis
1535 2287 2047 2387 susciperetur
2072 2288 2165 2382 8),
2216 2288 2512 2364 etiamsi,

1834 2454 1867 2476 Ιὶ

494 2580 560 2652 5)
594 2583 1046 2639 Foederatorum
1079 2583 1316 2637 nomina
1347 2599 1536 2655 neque
1573 2582 1952 2636 exHerodoto
1975 2582 2387 2654 v111‚,72‚IX,
2422 2584 2512 2655 28,

358 2671 545 2726 neque
584 2675 616 2709 e
649 2657 940 2711 Pausania
971 2657 1053 2720 V,
1086 2655 1176 2723 23,
1215 2655 1245 2708 l
1281 2657 1421 2711 satis
1454 2661 1615 2706 eerto
1654 2658 1921 2724 cognosci
1957 2664 2215 2728 possunt,
2253 2658 2511 2728 quando-

359 2728 586 2799 quidem
622 2728 787 2781 multi
822 2729 894 2781 ab
930 2726 1018 2780 his
1057 2731 1481 2794 enumerantur,
1517 2728 1616 2795 qui
1654 2728 1725 2779 ad
1764 2737 1985 2799 tempus
2022 2736 2237 2793 tautum
2277 2733 2518 2800 Sparta-

363 2801 455 2852 nis
496 2818 806 2871 eorumque
840 2802 1012 2853 soeiis
1047 2816 1112 2852 se
1150 2798 1555 2867 adiunxerant3
1593 2802 1756 2852 euius
1789 2801 2019 2868 generis
2055 2803 2224 2852 etiam
2275 2818 2306 2852 e
2341 2800 2515 2854 Pelo-

361 2870 1115 2998 &53⁶ff:„2?„”5„22102‘3,2‘
1139 2877 1377 2994 3333:
1402 2869 2516 3014 35332‘3„3215:2⁸;‡„?2:‘:‚'¹5‚¹:3.¹²⁵55·

365 3020 486 3069 eios
521 3011 701 3066 fuisse
735 3016 875 3067 satis
914 3018 1155 3080 constat,
1191 3031 1301 3067 nee
1335 3012 1407 3066 de
1442 3015 1649 3066 esteris
1695 3013 2018 3068 Arcadibus
2065 3012 2124 3066 id
2176 3015 2408 3068 eredere
2443 3014 2518 3070 li-

366 3094 474 3142 eet.
514 3085 653 3137 vid.
691 3104 844 3156 supr.
882 3104 929 3138 e.
963 3087 998 3138 5
1035 3085 1082 3151 S.
1118 3085 1208 3151 21,
1245 3084 1403 3139 4-8.
1477 3086 1569 3137 De
1610 3087 1683 3138 iis
1740 3094 1947 3150 autem,
1995 3102 2234 3156 quorum
2283 3089 2519 3140 nomina

363 3159 548 3230 posui,
586 3156 834 3209 dubitari
869 3174 989 3209 non
1022 3160 1213 3228 potest
1248 3163 1551 3228 propterea
1585 3156 1756 3230 quod,
1781 3166 2006 3228 praeter
2038 3174 2211 3209 unum
2248 3177 2359 3212 nee
2395 3158 2524 3212 diu-

367 3241 596 3282 turnum
636 3229 1018 3297 Tegeatarum
1055 3235 1257 3282 eontra
1290 3228 1605 3300 Spartanos
1643 3236 1931 3281 een-tamen
1979 3230 2110 3282 eire.
2157 3226 2231 3282 ol.
2278 3231 2366 3299 75,
2414 3233 2523 3287 2—

371 3302 469 3361 78‚·
497 3302 549 3366 4,
586 3318 877 3372 nunquam
913 3317 1034 3354 non
1070 3302 1485 3371 Spartanorum
1521 3302 1667 3354 socii
1701 3299 1937 3353 fuerunt
1969 3300 2107 3356 iude
2144 3299 2216 3353 ab
2250 3304 2524 3357 Anaxan·

371 3370 567 3423 dridae
602 3371 724 3424 fere
763 3378 969 3440 aetate,
1005 3370 1082 3429 ol.
1118 3373 1209 3440 54,
1247 3367 1555 3441 (Her-odet.
1602 3373 1650 3426 1.
1697 3372 1786 3431 67.
1836 3366 1955 3440 68.)
2007 3389 2190 3442 usque
2236 3373 2311 3426 ad
2345 3374 2532 3428 unde·

375 3444 578 3496 eimum
613 3442 752 3497 belli
787 3443 1268 3517 Peloponnesiaci
1307 3462 1534 3497 annum.
1620 3441 1911 3515 Tiryntbii
1957 3449 2015 3496 et
2059 3443 2367 3514 Mycenaei
2412 3447 2528 3499 Ar-

370 3516 522 3581 givis
575 3514 815 3571 subiecti
863 3523 1025 3571 erant
1081 3515 1217 3570 inde
1267 3516 1339 3568 al»
1390 3514 1465 3569 ol.
1513 3517 1601 3582 79,
1647 3515 1710 3584 13
1765 3513 1919 3568 hello
1978 3516 2215 3570 Persico
2274 3516 2529 3571 seeundo

372 3587 785 3657 Spartanorum
834 3606 934 3642 eos
970 3590 1160 3642 socios
1197 3586 1495 3651 videmus3
1555 3605 1691 3640 num
1736 3605 1839 3658 per
1880 3589 1996 3640 etui
2042 3584 2260 3642 fuerint
2299 3606 2419 3642 non
2458 3587 2531 3641 li-

411 3663 530 3726 uet,
581 3675 693 3711 nee
733 3662 858 3713 veri
900 3658 1087 3713 simile
1132 3665 1235 3713 est.
1305 3662 1395 3712 De
1442 3660 1848 3712 Hermionensi
1890 3676 1958 3711 us
2001 3658 2117 3711 vid.
2152 3678 2310 3731 supr.
2355 3662 2427 3714 P.
2472 3661 2534 3715 11

433 3728 645 3800 hueyd.
685 3730 795 3799 VI,
830 3731 918 3786 95.
987 3733 1200 3785 Postea
1234 3727 1296 3784 hi
1334 3749 1561 3804 quoque
1596 3732 1831 3800 Argivis
1868 3730 2128 3784 subiecti.

523 3848 593 3920 6)
631 3853 710 3906 Hi
745 3851 921 3923 legati
958 3855 1031 3909 ab
1068 3855 1368 3910 Herodoto
1406 3857 1482 3924 V,
1521 3856 1589 3910 91
1629 3852 1854 3930 ἄγγελοι,
1892 3873 1929 3911 a
1962 3827 2306 3927 Thucydide
2343 3857 2396 3926 l,
2433 3854 2540 3912 119

383 3928 442 3977 et
475 3923 615 3978 alibi
647 3929 874 3997 πρέσβεις
905 3927 1188 3980 dicuntur.

522 4046 586 4117 7)
618 4047 896 4119 ’ἰσόψηφοι
937 4049 1198 4121 Thucyd.
1236 4052 1286 4119 1,
1328 4050 1445 4107 141.
1485 4050 1561 4104 ef.
1598 4051 1677 4105 ss».
1716 4051 1818 4106 125
1856 4059 1915 4105 et
1945 4050 2026 4120 V,
2060 4052 2153 4107 80.

525 4171 590 4236 8)
625 4171 695 4226 Id
732 4176 872 4227 satis
912 4179 1145 4245 apparet
1182 4191 1252 4225 ex
1293 4175 1381 4239 iis,
1418 4192 1568 4297 guae
1606 4173 1678 4227 de
1703 4174 2221 4231 consultationibus
2256 4179 2388 4227 ante
2425 4172 2549 4228 bel-

384 4242 505 4297 lum
541 4243 1095 4325 Peloponnesiacum
1134 4262 1172 4299 a
1208 4244 1416 4317 Thucy
1461 4245 1551 4298 ide
1589 4253 1913 4302 narrantur.
1959 4247 2093 4301 vid.
2130 4249 2178 4314 1,
2215 4247 2285 4302 67
2321 4264 2445 4318 sqq.
