3067 4975
638 362 780 435 100
895 362 1064 436 ΙΙΙ.
1137 362 1255 434 De
1302 357 1527 433 rebus
1562 358 1896 459 publicis
1941 361 2027 435 in
2074 360 2532 437 universum.

635 545 858 622 etiam
907 541 1214 617 senatus
1265 537 1613 615 consulta
1660 538 1939 635 valent,
1988 544 2055 615 si
2092 539 2163 617 le
2222 540 2393 619 ibus
2423 545 2808 621 contraria

635 667 802 717 esse
852 640 1406 737 comperiantur
1434 638 1529 732 ⁵).
1632 639 2047 715 Contraxin
2110 665 2155 713 a
2213 640 2482 716 solutis
2547 641 2803 717 demo-

635 739 893 813 cratiis
942 735 1260 834 plurima
1309 731 1682 808 hahentur
1732 738 2059 826 comitia,
2118 746 2424 812 senatus
2473 741 2804 814 auctori·

635 842 752 909 tas
826 844 955 905 aut
1014 829 1217 904 nulla
1278 839 1394 904 est
1443 831 1575 904 aut
1625 827 2025 904 admodum
2074 838 2356 931 exigua
2386 839 2494 932 ⁶),
2561 840 2804 909 omnis

634 934 748 1005 rei
791 925 1139 1027 publicae
1190 924 1729 1000 administratio
1776 927 2037 1026 populi
2066 934 2277 1004 scitis
2312 936 2556 1031 magis
2583 958 2803 1032 quam

637 1030 1213 1126 magistratuum
1240 1026 1624 1122 potestate
1673 1027 1966 1123 regitur
1993 1025 2077 1118 7),
2129 1052 2371 1127 neque
2404 1027 2806 1129 quidquam

632 1126 786 1198 tam
836 1121 1118 1195 certum
1171 1122 1290 1194 est
1338 1118 1863 1240 definitumque
1913 1119 2235 1221 legibus,
2300 1127 2387 1197 ut
2431 1145 2583 1198 non
2631 1125 2805 1225 plus

629 1217 910 1321 ubique
940 1216 1183 1292 valeat
1193 1215 1457 1316 populi
1483 1214 1874 1292 arbitrium
1898 1220 1991 1315 ⁸).
2043 1222 2541 1319 Magistratus
2624 1249 2805 1296 orro

629 1320 709 1391 in
767 1314 1176 1390 moderatis
1239 1312 1723 1388 democratiis
1773 1318 2019 1389 creari
2086 1317 2351 1416 populi
2412 1345 2499 1392 su
2564 1323 2802 1438 ragiis

632 1411 906 1502 solent,
954 1413 1039 1485 ut
1089 1409 1187 1483 ad
1236 1409 1573 1484 honores
1624 1414 1908 1511 optimo
1974 1415 2243 1513 cuique
2306 1417 2404 1499 et,
2444 1419 2574 1517 qui
2600 1419 2800 1490 ‚civi-

628 1508 775 1585 hus
847 1512 1004 1583 suis
1083 1510 1406 1582 maxime
1481 1504 1858 1606 probatus
1936 1506 2166 1583 fuerit
2236 1512 2636 1611 pervenire
2711 1514 2799 1587 li-

630 1609 802 1682 ceat
825 1609 937 1698 9):
1017 1607 1096 1677 in
1160 1602 1532 1677 absolutis
1597 1612 1844 1679 autem
1918 1609 2129 1681 sorte
2208 1609 2643 1707 capiuntur,
2713 1611 2801 1682 ut

682 1706 1055 1777 romiscue
1108 1697 1458 1774 omnibus
1508 1699 1759 1775 aditus
1814 1705 2077 1801 pateat
2106 1705 2226 1802 ¹⁰).
2342 1703 2795 1779 iudiciorum

626 1732 946 1900 Benique
1027 1800 1105 1869 in
1182 1795 1594 1872 moderatis
1669 1795 2147 1874 democratiis
2224 1800 2430 1874 nulla
2505 1828 2795 1878 merces

628 1900 772 1989 est,
823 1921 970 1996 qua
1019 1918 1104 1966 re
1153 1895 1542 1968 tenuiores
1592 1891 1758 1969 fere
1807 1892 2375 1971 absterrentur:
2440 1900 2518 1973 in
2568 1896 2793 1973 abso-

624 1993 805 2069 lutis
853 1997 1099 2065 autem
1152 1988 1774 2089 quemadmodum
1804 1990 1897 2065 ad
1930 1997 2351 2072 comitiatus
2378 1998 2487 2069 ita
2534 1995 2631 2069 ad
2678 2000 2793 2071 iu-

628 2089 821 2164 dicia
878 2111 1179 2188 quoque
1243 2085 1590 2163 mercede
1658 2085 1838 2161 data
1898 2091 2283 2165 tenuiores
2345 2090 2795 2187 alliciuntur,

622 2179 1247 2357 {locupletioribus
1325 2186 1573 2259 autem
1665 2181 2052 2262 abstinere
2125 2186 2421 2285 iudiciis
2494 2194 2793 2290 impune

658 2287 801 2359 ‘cet
832 2284 952 2379 ¹¹).

1491 2414 1555 2485 §-
1605 2393 1937 2470 XXVII.

816 2533 976 2605 Iam
1028 2554 1209 2604 vero
1262 2526 1736 2602 manifestum
1786 2534 1903 2628 est
1948 2533 2023 2603 in
2074 2530 2209 2604 tali
2273 2538 2384 2610 rei
2448 2531 2792 2635 publicae

621 2627 894 2721 forma,
942 2626 1071 2700 ubi
1123 2623 1325 2700 nulla
1375 2623 1849 2719 facultatum,
1912 2627 2399 2726 prudentiae,
2466 2631 2789 2731 dignita-

619 2727 723 2799 tis
761 2729 1048 2801 ratione
1089 2719 1348 2794 habita
1387 2718 1654 2794 eodem
1692 2746 1954 2797 omnes
1977 2727 2141 2799 iure
2167 2732 2497 2823 utantur,
2548 2735 2788 2829 ipsam

622 2820 810 2894 hanc
861 2823 1047 2893 iuris
1097 2816 1625 2919 aequalitatem
1675 2843 1962 2892 summo
1997 2848 2230 2922 opere
2263 2829 2587 2926 iniquam
2624 2853 2787 2903 esse

622 2920 699 2995 et
745 2921 1093 2991 iniustam
1126 2917 1212 3013 ¹).
1306 2915 1500 2986 Nam
1552 2939 1775 3019 quum
1824 2914 2082 3014 plures
2128 2917 2409 3020 ubique
2461 2949 2628 2996 esse
2662 2949 2787 2997 so-

618 3014 826 3089 leant
885 3037 1256 3112 pauperes
1336 3037 1553 3112 quam
1629 3008 2088 3111 locupletes,
2169 3018 2496 3116 imperiti
2569 3045 2788 3120 quam

619 3111 1067 3212 prudenteS‚
1129 3132 1497 3209 quumque
1573 3107 1775 3208 quod
1836 3105 2179 3208 pluribus
2242 3114 2615 3214 placuerit
2691 3116 2784 3190 ab

765 3313 828 3386 5)
867 3315 1241 3369 Demosth.in
1279 3317 1556 3369 Aristocr.
1578 3334 1634 3386 p.
1656 3315 1790 3371 6492
1827 3314 2084 3392 Ψήφισμα
2114 3318 2279 3394 μηδὲν
2307 3319 2431 3394 μήτε
2459 3323 2638 3395 βουλῆς
2663 3323 2788 3396 μῆπ

621 3388 789 3460 δῆμον
821 3388 982 3459 νόμον
1014 3387 1310 3462 κυριώτερον
1341 3385 1490 3440 εἶναι.
1741 3399 1754 3416 “
2644 3412 2648 3416 -

757 3489 822 3562 6)
860 3495 1101 3547 Aristot.
1137 3490 1265 3546 Pol.
1300 3493 1408 3561 IV,
1448 3496 1540 3558 12,
1574 3494 1630 3547 9.
1667 3495 1776 3562 VI,
1817 3494 1868 3564 l,
1901 3495 1957 3550 9.

762 3597 827 3669 7)
862 3597 946 3651 ld.
985 3600 1094 3668 VI,
1133 3598 1184 3665 l,
1221 3597 1276 3652 8.
1314 3599 1387 3652 cf.
1423 3600 1533 3666 lv,
1569 3600 1624 3670 4,
1660 3601 1696 3656 6
1735 3608 1793 3654 et
1827 3603 1915 3670 ll,
1953 3602 2009 3658 5.

760 3706 824 3777 8)
863 3707 947 3761 Id.
985 3706 1097 3773 IV,
1133 3705 1185 3771 4,
1221 3705 1276 3761 3.
1323 3707 1411 3773 ll,
1446 3707 1500 3760 8.
1551 3707 1631 3774 V,
1665 3708 1719 3775 4,
1756 3708 1812 3761 7.
1851 3709 1904 3770 7.
1941 3708 2025 3763 19.
2078 3709 2173 3767 cf.
2208 3707 2363 3769 Pht.
2401 3713 2473 3769 de
2518 3734 2584 3770 re
2616 3716 2776 3790 publ.

621 3780 772 3835 VIII
803 3799 861 3850 p.
898 3779 1008 3833 563
1042 3780 1115 3834 D.
1156 3778 1316 3832 Orat.
1353 3779 1415 3830 in
1452 3780 1667 3833 Neaer.
1704 3798 1760 3849 p.
1799 3780 1959 3846 1375,
1995 3780 2049 3834 l.

761 3880 828 3955 a)
865 3886 1111 3937 Ariston
1146 3884 1257 3948 nr,
1295 3884 1347 3951 7,
1381 3883 1437 3938 a.
1476 3885 1563 3953 12,
1602 3885 1689 3939 12.

763 3986 862 4059 lo)
902 3988 986 4043 ld.
1012 3990 1121 4055 VI,
1162 3990 1212 4057 l,
1247 3989 1299 4043 8.
1335 4015 1404 4029 -
1438 3991 1529 4043 De
1566 3990 1937 4061 Pythagoreo
1984 3943 2287 4067 praecepto
2332 3993 2554 4068 κυάμων
2593 3999 2695 4056 dni
2726 4019 2780 4058 2-

623 4069 783 4127 σθαι,
842 4060 998 4134 quod
1033 4059 1107 4113 ad
1153 4063 1512 4115 sortitionem
1560 4067 1994 4132 magistratuum
2040 4069 2314 4138 pertinet,
2369 4069 2487 4124 vid.
2536 4072 2705 4126 Krisc
2747 4092 2779 4127 e

763 4235 862 4309 ll)
899 4239 1141 4292 Aristot.
1176 4235 1285 4303 IV,
1324 4240 1376 4304 7,
1413 4240 1467 4292 2.

768 4342 832 4416 1)
868 4342 960 4401 cf.
1001 4346 1205 4400 Cicero
1242 4344 1314 4399 de
1349 4364 1415 4401 re
1448 4344 1609 4419 publ.
1645 4348 1677 4402 1
1713 4366 1762 4403 c.
1798 4348 1873 4408 24
1908 4356 1967 4406 et
1998 4350 2087 4408 27.
