3067 4975
568 372 717 450 344
768 372 801 397 ⁴
970 315 1055 451 AV.
1102 375 1224 448 De
1268 363 1359 447 2²6
1392 373 1714 474 publica
1733 340 2356 456 “dmentem-sium.

569 560 724 633 cuit
783 555 1010 629 etiam
1074 554 1444 654 epiclero,
1520 580 1712 653 quae
1759 558 1923 628 viro
1972 553 2258 631 nubere
2307 558 2575 632 coacta
2623 586 2752 634 es-

571 658 691 728 set
753 652 850 725 ad
923 652 1265 727 maritale
1330 679 1522 750 opus
1584 649 1929 742 inhabili,
2013 679 2113 727 ex
2158 652 2315 726 alio
2368 660 2792 757 quopiam,·

520 773 524 778 ·
576 752 671 825 de
739 756 1239 848 cognatorum
1304 748 1678 821 duntaxat
1725 749 2080 843 numero,
2159 748 2446 825 liberos
2512 779 2744 853 quae·
2795 830 2800 834 ,

574 873 782 938 rere3
845 873 1091 946 neque
1140 846 1217 919 id
1266 873 1410 945 pro
1463 844 1838 918 adulterio
1891 848 2055 918 erat
2080 849 2173 937 9).
2271 847 2483 922 Alias
2533 849 2745 925 adul-

524 955 808 1018 'teram
876 943 1255 1017 mulierem
1324 943 1593 1019 dimitti
1656 969 1701 1014 a
1766 947 2035 1015 marito
2100 942 2317 1041 leges
2379 944 2749 1021 iubebant

570 1040 878 1114 infamia
933 1067 1025 1112 ue
1093 1038 1464 1113 notabant
1491 1042 1616 1134 ¹⁰).
1708 1034 1946 1112 Viros
2011 1046 2254 1114 autem
2322 1046 2394 1114 in
2460 1047 2745 1119 matro-

570 1165 713 1212 nae
765 1137 909 1210 adu
946 1141 1136 1210 terio
1189 1137 1282 1211 de
1342 1136 1707 1210 rebensos
1756 1141 2055 1234 impune
2109 1163 2153 1209 a
2205 1143 2474 1212 marito
2504 1142 2745 1217 occidi

573 1242 708 1307 aut
747 1235 1200 1309 contumelia
1228 1165 1461 1326 affici,
1512 1237 1795 1324 vinciri,
1845 1238 2161 1333 pecunia
2192 1237 2530 1308 mulctari
2565 1235 2743 1313 liee-

572 1330 843 1428 batn).
915 1334 1252 1406 ·Uxores
1321 1335 1758 1405 maritorum
1826 1329 2198 1404 adulteria
2247 1358 2397 1404 non
2451 1333 2602 1406 aliu
2658 1361 2743 1410 re

573 1456 791 1529 quam
846 1426 1171 1523 divortio
1223 1426 1485 1501 ulcisci
1538 1432 1924 1525 poterantz
1991 1453 2232 1527 neque
2285 1432 2478 1502 enim
2531 1432 2745 1530 pelli-

571 1536 786 1599 catus
814 1528 945 1599 aut
974 1527 1376 1600 meretricii
1396 1550 1694 1599 amores
1722 1521 2019 1621 legibus
2050 1525 2434 1621 prohibiti,
2486 1552 2743 1627 quam-
2823 1564 2827 1569 ·

573 1626 684 1696 vis
748 1622 1085 1697 moribus
1146 1624 1550 1724 improbati
1616 1625 1855 1697 erant.
1953 1621 2432 1696 Adolescenti
2493 1633 2741 1699 tamen

571 1720 901 1793 nondum
982 1725 1253 1793 marito
1336 1746 1501 1793 eum
1566 1721 1960 1794 meretrice
2022 1745 2177 1793 rem
2243 1718 2524 1796 habere
2589 1749 2745 1797 non

573 1816 767 1890 adeo
817 1816 1278 1914 flagitiosum
1327 1815 1893 1916 putabam-¹2),
1955 1814 2376 1918 diciturque
2421 1817 2522 1891 ab
2575 1824 2743 1918 ipso
2817 1811 2830 1824 ⁸

576 1915 870 1987 Solone
925 1919 1364 2006 institutum,
1414 1922 1518 2005 ut,
1637 1939 1735 1986 uo
1786 1917 2027 1986 minus
2075 1912 2335 1987 illicita
2386 1922 2744 2015 concupi·
2818 1913 2828 1923 ’

573 2014 898 2098 seerent,
954 2016 1390 2084 meretrices
1442 1940 1746 2110 pub‘lice
1795 2008 2387 2097 haberentur¹·³).
2485 2014 2600 2087 Ne
2635 2021 2748 2088 'ue

526 2143 531 2152 ·
576 2110 829 2180 tamen
895 2104 1036 2179 boe
1088 2113 1273 2181 satis
1323 2113 1711 2198 testatum,
1798 2114 1874 2179 et
1921 2105 2225 2180 suerunt
2276 2106 2469 2182 haud
2525 2042 2749 2185 ddlfie

571 2210 797 2277 nimio
837 2204 1116 2305 plureS,
1169 2230 1366 2304 quae
1414 2210 1638 2278 istum
1692 2211 2081 2306 quaestum
2130 2209 2474 2304 privatim
2528 2207 2744 2280 sacti-
2811 2260 2816 2264 -

574 2308 848 2391 tarent,
898 2307 1377 2400 peregrinae,
1429 2299 1829 2375 libertinae
1881 2307 2013 2374 aut
2061 2302 2376 2377 ancillae
2396 2301 2517 2399 14).
2598 2306 2744 2378 Le-

468 2393 469 2402 ’
562 2403 948 2471 'nocinium
1015 2424 1194 2471 vero
1249 2425 1467 2499 quam
1522 2402 2029 2498 contemptum
2079 2398 2343 2494 suerit,
2420 2406 2746 2475 comico-

574 2523 737 2570 rum
801 2499 1251 2571 testimoniis
1316 2501 1498 2571 satis
1568 2500 1868 2573 constat
1893 2498 2017 2593 ¹⁵).
2129 2499 2509 2598 Ingenuas
2567 2526 2750 2601 pro·=
2825 2524 2836 2555 τ

714 2774 776 2845 9)
815 2773 1106 2830 Plutarch.
1142 2775 1350 2831 Solon.
1387 2795 1437 2829 ο.
1475 2778 1567 2831 20.

715 2896 816 2968 10)
857 2902 956 2954 Or.
996 2903 1056 2953 in
1092 2902 1307 2954 Neaer.
1358 2901 1515 2955 1374.
1565 2896 1839 2953 Aeschin.
1879 2900 1940 2952 in
1979 2899 2266 2954 Timareh.
2305 2921 2360 2973 p.
2406 2901 2518 2958 176.
2593 2900 2748 2954 Infa-

577 2974 692 3024 mia
737 2972 1047 3025 notabatur
1095 2977 1262 3026 etiam
1313 2975 1579 3034 maritus,
1636 2974 1733 3042 qui
1796 2972 2152 3025 manifestam
2203 2973 2467 3026 adulterii
2514 2992 2747 3025 uxorem

581 3062 698 3096 non
736 3048 1065 3098 remisisset.
1120 3045 1210 3098 cf.
1247 3043 1554 3115 Iaelyveld.
1595 3043 1667 3094 de
1705 3042 1940 3096 infamia
1974 3064 2029 3116 p.
2070 3046 2190 3098 171.

721 3150 819 3220 11)
857 3153 1028 3204 Petit·
1075 3151 1253 3221 Legg.
1299 3154 1420 3205 Att.
1459 3170 1515 3220 p.
1553 3149 1663 3203 562
1698 3168 1822 3221 sqq.
1860 3153 2063 3205 Meier.
2097 3153 2167 3206 P.
2205 3154 2276 3205 A.
2313 3172 2369 3222 p.
2404 3152 2511 3207 :327
2539 3151 2749 3204 —331.

706 3260 813 3315 12)
853 3260 1089 3335 Terent.
1126 3257 1374 3330 Adelph.
1409 3259 1454 3324 1,
1493 3258 1546 3325 2,
1587 3257 1672 3310 21.
1924 3306 1928 3313 ,
2230 3318 2241 3326 ,
2509 3259 2516 3264 ’

728 3361 822 3433 13)
860 3365 1096 3416 Philem.
1139 3383 1226 3434 ap.
1265 3363 1547 3416 Athenae.
1587 3363 1734 3416 XIII
1774 3385 1829 3437 p.
1866 3367 1971 3421 569
2009 3368 2081 3418 D.
2105 3365 2399 3429 .(Meinek.
2436 3366 2618 3435 p.357
2643 3361 2754 3435 sq.)

450 3459 472 3478 ν
585 3437 881 3488 Nicander
921 3442 1006 3505 a‘p.
1049 3435 1217 3491 eund.
1270 3442 1327 3488 et
1363 3454 1450 3506 ap.
1487 3435 1769 3505 Harpocr.
1812 3456 1857 3489 s.
1897 3456 1955 3491 v,
1991 3438 2265 3508 πάνδημος
2292 3436 2568 3508 Ἀφροδίτη.
2646 3438 2754 3488 Ce-

586 3515 769 3559 terum
812 3508 882 3557 de
921 3508 1174 3557 Veneris
1207 3506 1483 3575 πανδήμου
1517 3510 1859 3574 cognomine
1904 3509 2187 3561 diversam
2229 3528 2263 3560 a
2297 3509 2523 3575 vulgari
2564 3515 2620 3559 et
2655 3525 2754 3558 ve-

584 3581 790 3630 riorem
842 3576 996 3630 haud
1049 3576 1221 3628 dubie
1271 3580 1610 3629 sententiam
1650 3578 2043 3650 Apollodorus
2081 3581 2314 3632 tradidit
2350 3599 2438 3650 ap.
2476 3581 2754 3651 Harpocr-

586 3651 626 3702 l.
666 3649 702 3704 l.
779 3650 870 3704 Cf.
907 3652 1156 3702 Pausau.
1193 3649 1242 3713 I,
1280 3650 1368 3714 22,
1402 3649 1456 3701 3.
1532 3650 1787 3704 Loheck.
1825 3650 2108 3722 Aglaoph.
2159 3670 2213 3723 p.
2264 3652 2387 3718 437,
2429 3658 2485 3702 et
2522 3651 2592 3702 de
2630 3653 2752 3703 eius

589 3721 801 3793 templo
840 3719 1095 3774 Boeckh.
1135 3720 1207 3772 ad
1246 3721 1417 3790 Corp.
1453 3721 1636 3775 Inscr.
1675 3723 1705 3774 1
1739 3743 1794 3794 p.
1827 3724 1952 3776 476.
2003 3722 2197 3775 Leuke
2232 3744 2285 3795 p.
2322 3724 2447 3776 232.
2626 3760 2635 3766 -

734 3828 833 3894 14)
877 3831 967 3881 De
1006 3828 1092 3880 bis
1131 3826 1202 3880 of.
1242 3827 1431 3879 Petit..
1454 3826 1631 3896 Legg.
1667 3830 1789 3880 Att.
1826 3842 1882 3893 p.
1920 3830 2205 3883 573-576
2242 3829 2368 3894 (sed
2408 3830 2504 3900 qui
2544 3827 2614 3879 ab
2651 3823 2763 3877 hoo

594 3899 832 3952 affertur
867 3901 1076 3970 Lysiae
1112 3899 1304 3964 locus,
1370 3896 1593 3950 alienus
1643 3895 1781 3968 est.)
1830 3908 1887 3952 et
1929 3900 2327 3954 Wachsmuth.
2365 3902 2441 3966 11,
2490 3900 2525 3952 2
2569 3912 2622 3962 Ρ.
2669 3899 2761 3951 47.

593 3975 683 4024 De
729 3970 1114 4023 nobilioribus
1153 3970 1491 4042 quibusdam
1534 3968 1881 4023 honestioris
1907 3977 2148 4041 'generis
2186 3970 2596 4035 meretricibus,
2644 3987 2763 4020 non

594 4043 811 4117 πόρναις
843 4042 947 4094 sed
981 4042 1218 4115 ἑταίραις,
1252 4042 1368 4094 vid.
1402 4042 1638 4096 Jacobs.
1678 4045 1894 4114 scriptt.
1930 4044 2165 4098 miscell.
2200 4045 2290 4096 IV
2328 4056 2381 4108 Ρ.
2416 4040 2715 4097 311—554.

739 4146 828 4212 15)
869 4149 1057 4200 Unum
1099 4149 1240 4200 civis
1273 4150 1472 4215 Attici,
1520 4147 1625 4200 sed
1660 4147 1907 4202 hominis
1943 4156 2207 4224 nequam.
2254 4148 2573 4220 exemplum
2611 4145 2765 4218 apud

592 4222 817 4273 Isaeum
857 4224 962 4282 est,
997 4218 1292 4271 lenonium
1333 4229 1631 4288 quaestum
1669 4238 1789 4273 non
1825 4223 2049 4293 quidem
2088 4224 2265 4296 ipsius
2289 4223 2624 4283 exercentis,
2659 4217 2766 4270 sed

597 4310 698 4360 per
734 4291 1077 4354 libertinam,
1120 4291 1190 4342 de
1228 4289 1475 4343 Philoet.
1511 4289 1633 4343 her.
1674 4290 1729 4356 ξ.
1772 4292 1857 4346 19.
1933 4294 2227 4346 Charisius
2261 4296 2324 4344 in
2361 4310 2560 4345 comm.
2599 4291 2669 4343 ad
2703 4288 2761 4341 h.

597 4362 635 4416 l.
679 4377 729 4427 p.
767 4364 876 4416 333
913 4368 1387 4414 commemoratus
1420 4379 1544 4414 nou
1578 4365 1807 4416 Atticus
1844 4364 1973 4431 fuit,
2010 4366 2111 4417 sed
2148 4364 2344 4416 Eleae.
