3067 4975
442 1193 587 1279 V.
640 1195 832 1281 De
874 1212 1023 1295 ⁸re
1071 1198 1552 1299 publica
1603 1196 2517 1282 Atheniensium.

1402 1544 1469 1623 §·
1517 1533 1580 1606 1.
1716 1478 1744 1536 ⁸

397 1630 1055 1757 Atheniensium
1106 1711 1233 1759 res
1285 1681 1617 1784 publica,
1665 1680 1844 1758 licet
1892 1685 2227 1782 origines
2259 1685 2568 1758 Creten·

394 1791 606 1866 sibus
658 1798 734 1867 et
785 1796 1192 1895 Spartanis
1244 1801 1397 1872 anti
1453 1804 1711 1871 uiores
1765 1794 2138 1892 hahuerit,
2201 1825 2558 1898 progres-

386 1916 524 1963 sus
578 1896 822 1966 tamen
876 1893 1257 1994 aliquanto
1289 1902 1408 1969 tar
1467 1900 1667 1967 iores
1701 1892 1902 1985 fecit,
1955 1922 2197 1994 neque
2226 1896 2565 1994 perfecta

391 1990 469 2060 et
518 1997 1028 2063 consummata
1078 1996 1193 2064 est
1245 1996 1386 2065 nisi
1437 2018 1528 2065 eo
1581 2001 1947 2090 tempore,
1999 2018 2220 2094 quum
2272 1991 2564 2066 illorum

391 2087 730 2157 civitates
757 2091 901 2160 iam
931 2086 1378 2174 declinarea
1407 2091 1662 2188 prisca
1691 2092 1965 2163 virtute
1999 2096 2076 2163 et
2107 2095 2180 2161 in
2234 2088 2561 2163 deterius
2610 2162 2618 2168 ,

387 2178 538 2253 labi
593 2189 1029 2282 coeperunt.
1127 2186 1282 2260 Per
1333 2185 1589 2284 plures
1641 2211 1958 2285 namque
2017 2190 2465 2259 mutationes
2517 2217 2561 2259 a

388 2282 607 2375 regio
684 2306 772 2353 ac
853 2280 1022 2353 dein
1088 2280 1505 2357 nobilitatis
1574 2286 1889 2380 imperio
1958 2281 2063 2361 ad,
2121 2284 2560 2381 popularem

388 2377 662 2448 statum
711 2382 1082 2475 pervenit,
1135 2383 1555 2452 Atticorum
1604 2384 1920 2453 naturae
1981 2383 2205 2479 atque
2255 2384 2560 2476 ingenio

383 2475 603 2548 unice
667 2475 1349 2570 accommodatum,
1415 2485 1490 2550 et
1552 2471 1839 2549 salubri
1901 2479 2097 2548 inter
2159 2475 2560 2550 multitudi-

387 2594 559 2640 nem
625 2578 700 2643 et
765 2574 1166 2670 optimates
1228 2578 1821 2672 temperamento
1901 2573 2348 2673 aliquamdiu
2426 2574 2560 2645 fl„-

386 2667 565 2758 ruit,
614 2665 853 2741 donec
899 2670 1229 2766 gliscens
1276 2670 1661 2770 paullatim
1711 2670 2145 2768 corruptela
2209 2671 2560 2744 libertas-

388 2788 533 2863 que
597 2763 674 2835 in
743 2762 1111 2839 licentiam
1185 2793 1407 2840 versa
1488 2771 1862 2839 civitatem
1947 2793 2046 2840 ex
2123 2773 2405 2865 optima
2479 2772 2557 2839 et

383 2858 886 2958 pulcherrima
938 2862 1344 2936 deformem
1398 2868 1475 2938 et
1524 2862 1889 2936 infirmam
1925 2861 2126 2935 fecit.
2204 2869 2556 2936 Ceterum

381 2961 406 3029 i
463 2983 593 3031 sae
646 2955 817 3032 illae
868 2962 1346 3054 mutationes,
1400 2986 1623 3061 quum
1673 2985 1813 3057 per
1846 2964 2095 3033 varios
2122 2965 2335 3059 quasi
2372 2989 2554 3058 gra·
2651 3001 2656 3006 ⁴

383 2983 524 3127 ‹lhs
591 3057 668 3129 et
729 3059 1109 3129 cresceret
1168 3083 1293 3129 res
1362 3056 1669 3155 publica
1734 3058 1810 3129 et
1875 3064 2343 3148 senesceret,
2412 3056 2554 3128 hoc

382 3150 819 3244 effecerunt,
851 3160 937 3225 ut
960 3178 1152 3253 quae
1189 3151 1391 3226 bona
1421 3153 1765 3251 malaque
1803 3178 2053 3224 rernm
2088 3153 2551 3251 publicarum

316 3249 323 3267 ⁴
382 3248 576 3345 apud
649 3252 948 3321 ceteros
1017 3251 1355 3322 Graecos
1419 3250 1566 3323 alia
1628 3247 1805 3320 alibi
1871 3246 2210 3342 fuerunt,
2290 3249 2553 3322 horum

382 3344 542 3418 fere
609 3348 932 3418 omnium
1001 3348 1195 3444 apud
1258 3344 1756 3419 Athenienses
1838 3372 2135 3445 quoqne
2211 3349 2553 3445 exempla

386 3444 807 3533 extiterint,
888 3447 1242 3542 recteque
1307 3442 1645 3516 Athenae
1726 3445 1945 3514 etiam
2033 3444 2176 3515 hoc
2256 3452 2551 3516 nomine

386 3543 598 3638 quasi
666 3536 1027 3640 quaedam
1067 3542 1378 3619 Ἑλλάδος
1406 3542 1642 3619 Ἑλλὰς
1701 3537 2067 3636 appellari
2128 3545 2550 3638 possint¹):

374 3633 759 3732 ingenium
809 3640 1056 3708 autem
1104 3632 1364 3733 populi
1427 3632 1848 3732 multiplex,
1915 3663 2068 3707 non
2138 3642 2262 3709 uni
2330 3641 2551 3708 a.i‹·ui

377 3736 634 3805 virtuti
684 3737 992 3831 praeter
1043 3737 1336 3804 ceteras
1389 3738 1668 3825 aptum,
1720 3730 1854 3804 sed
1907 3737 2230 3805 omnium
2266 3738 2551 3831 pariter

380 3855 652 3927 capax,
705 3831 1099 3930 postquam
1152 3822 1389 3899 libere
1438 3832 1733 3900 moveri·
1776 3830 1853 3900 et
1902 3855 2240 3927 campum
2289 3833 2549 3930 inquo

382 3930 869 4000 exerceretur
920 3929 1104 3999 satis
1155 3921 1478 4020 amplum
1529 3927 1858 3997 nancisci
1908 3929 2183 4023 coepit,
2239 3933 2444 3997 tanta
2478 3933 2551 3998 et

375 4049 628 4094 rerum
701 4032 1088 4121 gestarum
1165 4018 1419 4118 gloria
1493 4022 1572 4093 et
1647 4023 1912 4094 artium
1983 4049 2072 4094 ac
2134 4021 2550 4095 litterarum

376 4117 653 4193 decore
724 4124 1050 4219 patriam
1113 4121 1458 4210 ornavit,
1543 4118 1626 4189 ut
1707 4122 2030 4192 omnium
2105 4122 2552 4192 testimoniis

510 4324 570 4394 1)
610 4325 873 4398 'rhuoya
914 4345 1003 4398 ap.
1044 4320 1258 4381 Athen.
1296 4322 1377 4393 v,
1423 4322 1490 4378 12
1524 4342 1582 4395 p.
1625 4323 1752 4379 187.
1785 4368 1791 4380 .
2052 4298 2149 4465 Π
