3067 4975
1141 369 1209 438 4.
1257 364 1378 438 De
1426 366 1775 441 comitiis.
2031 403 2036 411 ¹
2401 373 2548 446 229

375 536 782 635 legitimam
829 540 1084 639 legum
1135 568 1569 640 censuram,
1636 575 1828 649 quae
1875 555 2186 649 proprie
2235 556 2541 647 ἑπιχειρο-

376 644 563 709 ,τονία
606 643 828 724 νόμων
875 638 1186 731 dicitur,
1234 668 1779 744 nonnunquam
1840 652 2061 721 etiam
2130 656 2351 723 extra
2416 678 2541 725 or-

367 729 612 802 dinem
662 736 727 824 si
779 758 909 806 res
957 740 1314 833 posceret
1360 742 1840 817 nomothetas
1904 770 1950 816 a
2011 746 2291 844 populo
2358 774 2539 841 con-

367 828 675 901 stitutos
744 826 1213 929 legimus¹¹):
1291 861 1382 909 nc
1445 841 1782 936 posteris
1841 841 2346 939 temporibus,
2407 842 2540 917 ubi

361 920 680 997 libertas
728 926 1110 1023 paullatim
1158 934 1232 1003 in
1276 930 1657 1009 'licentiam
1729 935 1821 1012 de
1882 942 2255 1033 oneravit,
2316 944 2536 1013 nimis

360 1045 588 1118 saepe
637 1018 853 1120 leges
902 1051 1052 1100 non
1106 1026 1325 1102 aliter
1372 1056 1592 1129 quam
1639 1060 1829 1133 psep
1885 1038 2151 1108 ismata
2214 1039 2293 1107 et
2353 1035 2536 1110 ferri

359 1122 626 1215 quovis
682 1123 1031 1219 tempore
1094 1123 1186 1197 ad
1249 1127 1607 1225 poputum
1674 1134 1753 1205 et
1816 1134 2054 1229 accipi
2131 1158 2204 1226 a¹
2246 1132 2534 1232 populo

360 1216 835 1409 {ponzoirgitiis
903 1216 1308 1318 solebant,
1382 1223 1592 1298 nulla
1662 1226 2261 1303 nomothetarum
2330 1256 2533 1306 men-

1201 1456 1270 1536 §.
1319 1451 1698 1531 XXXIII.

545 1576 1049 1747 Mffistratus
1102 1588 1180 1657 et
1229 1582 1561 1663 honores
1614 1595 1837 1690 quum
1890 1589 2066 1665 olim
2098 1614 2360 1664 omnes
2394 1609 2530 1688 po-

349 1668 645 1842 Sfiisstssr
675 1700 792 1863 13?
791 1679 1575 1855 &32:233333‘52'2‘2?
1613 1713 1922 1882 Ρῗιῧῗῗωῗ
1972 1688 2527 1881 ῗὲὶῖῗῗῗέὲρέῗ

348 1867 638 1959 rentur,
687 1894 838 1967 quo
889 1876 1132 1951 minus
1184 1874 1471 1951 scilicet
1535 1905 1725 1979 opes
1789 1890 1919 1956 aut
1980 1878 2285 1955 ambitio
2347 1882 2527 1954 iuris

351 1961 868 2062 aequabilitati
895 1966 1207 2045 officere
1238 1979 1582 2070 possent.
1655 1975 2025 2052 Manebat
2071 1982 2320 2052 tamen
2370 1973 2525 2048 suf-

347 2056 578 2157 fragii
625 2057 808 2134 latio
858 2065 938 2136 in
984 2063 1074 2141 iis
1105 2068 1198 2165 2),
1301 2074 1375 2143 ui
1427 2076 1560 2147 aut
1607 2078 1963 2150 maiorem
2013 2100 2263 2149 rerum
2310 2097 2527 2146 usum
2637 2099 2642 2102 ²

347 2159 847 2259 peritiamque
929 2187 1081 2236 non
1149 2096 1457 2241 cuiiibet
1540 2168 1859 2263 obviam,
1924 2181 2052 2247 aut
2109 2173 2527 2270 spectatam

345 2252 633 2351 populo
683 2253 905 2330 fidem
953 2266 1358 2360 praecipue
1409 2266 1941 2364 postulabant,
2009 2273 2265 2370 quales
2313 2273 2528 2340 erant

352 2375 421 2423 e.
475 2375 541 2422 c.
609 2351 1129 2448 praefecturae
1204 2360 1607 2458 militareS,
1689 2369 1983 2463 aerarii¹
2034 2364 2148 2439 dis
2205 2364 2524 2454 ensatio,

346 2443 856 2523 theoricorum
924 2478 1107 2529 cura
1168 2454 1359 2530 aliae
1414 2484 1516 2543 uec
1554 2465 1920 2560 pecuniae
1979 2458 2326 2563 pubicae
2389 2455 2522 2531 ad-

342 2546 956 2640 ministrationes,
979 2550 1330 2649 publicae
1363 2486 1809 2655 gisciplinae
1844 2563 2106 2651 rectio,
2157 2558 2520 2632 festorum

328 2638 791 2714 ‘solemnium
838 2653 1302 2744 procuratio,
1352 2678 1591 2751 porro
1642 2681 1836 2754 quae
1897 2659 2120 2730 extra
2184 2653 2521 2728 ordinem

343 2735 894 2813 mandabantur
980 2769 1289 2842 operum
1372 2746 1846 2846 publicorum
1921 2755 2376 2843 curationeS,
2426 2790 2519 2804 -

346 2860 791 2934 quamquam
812 2834 904 2911 de
935 2836 1048 2933 his
1079 2842 1519 2941 suffragium
1533 2845 2319 2950 plerumquetribuum
2336 2848 2518 2920 con-

347 2930 537 3003 ciliis
570 2957 617 3004 a
644 2932 929 3030 populo
1010 2943 1282 3013 ermitti
1305 2940 1624 3037 solebat,
1671 2987 1771 3002 —-
1809 2969 2352 3044 causarumque
2378 2969 2518 3041 po·
2633 2953 2637 2957 ‘

345 3025 504 3127 puli
523 3033 943 3125 patrocinia
994 3039 1557 3137 egationesque.
1597 3043 1923 3115 Comitia
1945 3043 2518 3139 magistratuum

347 3123 848 3197 creandorum
898 3129 1298 3229 ἄρχαιρεσίαι
1340 3138 1712 3211 vocantur
1737 3141 1829 3231 3),
1899 3165 2091 3241 quae
2144 3162 2291 3237 quo
2343 3139 2519 3208 anni

345 3222 687 3319 tempore
753 3220 1137 3298 celebrata
1194 3232 1379 3325 sint,
1445 3258 1600 3306 non
1661 3237 1964 3311 constat
1987 3236 2094 3333 4),
2163 3235 2310 3308 nisi
2371 3234 2518 3307 hoc

342 3427 612 3555 {13:312ng
669 3429 730 3482 in
786 3431 1102 3521 inteqrnm,
1153 3432 1226 3495 de
1279 3438 1627 3495 antinomiis.
1709 3440 1856 3496 vid.
1902 3439 1976 3501 de
2028 3445 2259 3502 comitt.'
2292 3461 2348 3515 p.
2394 3437 2519 3499 273.

483 3602 586 3675 11)
623 3606 773 3661 nia.
809 3627 868 3680 p.
896 3609 1022 3666 27⁰.
2333 3653 2338 3659 -

484 3710 588 3779 12)
622 3713 770 3766 md.
807 3733 863 3786 p.
898 3716 1006 3771 264
1041 3735 1129 3789 aq.
1362 3790 1377 3803 ν
1821 3718 1824 3722 ’
2443 3718 2458 3809 }

488 3815 554 3888 ι)
590 3818 734 3873 via.
769 3838 946 3892 supra
981 3817 1030 3892 5.
1069 3823 1157 3879 ιο.
1192 3824 1247 3880 s.
2439 3814 2445 3843 ⁸

488 3924 555 3995 2)
592 3928 684 3981 De
732 3927 998 3982 omnibus
1043 3933 1306 4001 proximo
1355 3936 1542 4007 capite
1587 3942 1908 3997 accuratius
1961 3941 2202 4000 dicetur.
2282 3944 2519 4000 Interim

345 3997 466 4053 vid.
507 3998 580 4052 de
623 4003 840 4053 comitt.
879 4019 939 4072 Ρ.
974 4001 1105 4056 313.

483 4101 554 4172 3)
592 4104 680 4159 Cf.
730 4104 806 4159 de
854 4108 1070 4161 comitt.
1114 4127 1172 4180 Ρ.
1211 4109 1336 4165 322.
1376 4111 1451 4166 ad
1497 4115 1646 4170 Isae-
1681 4137 1740 4192 Ρ.
1774 4119 1901 4177 368.
1972 4121 2203 4179 Schaef.
2243 4121 2318 4176 ad
2352 4125 2518 4178 nem.

345 4195 436 4231 οι.
473 4177 547 4230 (le
585 4177 830 4231 conti-ib.
863 4198 919 4250 Ρ.
958 4180 1081 4248 171,
1117 4180 1206 4235 17.

487 4280 554 4349 4)
592 4282 734 4334 vid.
771 4283 843 4339 de
879 4288 1094 4341 comitt.
1130 4305 1185 4357 Ρ.
1219 4288 1328 4342 322
1361 4309 1484 4364 sqq.
1521 4293 1626 4349 uhi
1659 4303 2158 4366 grammaticorum
2203 4306 2523 4357 commenta

349 4354 422 4408 de
458 4361 735 4426 quattuor
770 4355 1020 4433 ἀνάρχοις
1051 4359 1254 4413 diebus
1289 4361 1561 4420 refutavi.
