3067 4975
1061 375 1130 439 4.
1179 362 1301 437 De
1348 364 1697 438 comitiis·
2305 361 2455 470 235

288 537 696 640 ctigalibus
746 542 878 618 aut
901 541 1431 619 collationibus
1461 543 1775 644 aliisque
1799 542 2049 619 modis
2082 542 2453 621 redituum

289 635 611 714 consilia
655 666 705 714 a
754 643 1022 715 senatu
1052 649 1200 715 *aut
1248 668 1296 715 a
1340 642 1660 741 privatis
1706 645 2103 742 proposita
2129 642 2456 741 populus

287 732 672 834 probabat
720 735 1245 841 sciscebatque
1273 739 1367 837 ²).
1465 738 1884 814 Sacrorum
1933 741 2156 814 etiam
2208 742 2287 814 et
2333 766 2457 815 re-

287 857 454 907 rum
504 831 915 909 divinarum
964 861 1145 934 pars
1196 861 1349 910 non
1398 838 1698 909 minima
1745 835 2006 934 populi
2066 839 2280 911 scitis
2338 863 2459 922 re·

287 926 645 1028 gebatur.
742 932 941 1007 Nam
1002 939 1078 1006 et
1125 928 1221 1007 d'e
1271 929 1723 1030 recipiendis
1769 936 1847 1005 in
1898 933 2270 1008 civitatem
2318 947 2460 1008 nob

287 1029 407 1099 vis
430 1026 923 1126 religionibus
961 1026 1325 1130 festisque
1367 1032 1586 1102 novis
1625 1025 2099 1104 celebrandis
2125 1033 2205 1104 in
2235 1032 2460 1104 comi·
2580 1088 2598 1103 .

288 1126 416 1196 tiis
459 1123 960 1219 statuebatur,
1011 1128 1090 1200 et
1118 1124 1562 1200 violatarum
1592 1124 2042 1224 religionum
2075 1130 2458 1228 quaestiov

286 1220 799 1393 32215353325
865 1213 1900 1394 *xsszzz‘smdmsffsssfflff
1942 1222 2461 1397 {ffssssfflz

288 1412 733 1488 solemnium
785 1345 1289 1507 cgratoribus,
1339 1415 1665 1517 denique
1716 1415 1810 1491 de
1856 1420 2461 1515 parentationum

284 1503 756 1609 publicarum
818 1513 1253 1589 oratoribus
1315 1513 1662 1614 epulique
1724 1510 2066 1589 funebris
2140 1540 2463 1616 appara.-

288 1606 590 1681 toribus
642 1607 1435 1709 suffragium.ferebat
1458 1612 1551 1702 3).
1658 1611 2065 1688 Postremo
2126 1615 2465 1714 praemia
2523 1645 2530 1650 ·

214 1795 223 1802 Ὦ
288 1714 369 1777 et
418 1704 751 1781 honores
799 1710 983 1782 viris
1029 1704 1225 1783 bene
1272 1710 1584 1801 meritis,
1635 1710 1931 1784 etiamsi
1979 1707 2107 1788 alii
2138 1706 2233 1782 ab
2271 1706 2465 1805 aliis,

291 1799 528 1875 veluti
578 1827 626 1877 a
676 1807 975 1898 senatu,
1023 1831 1072 1878 a
1120 1801 1503 1900 tribubus,
1556 1807 1780 1906 pagis
1832 1803 2094 1879 aliisve
2117 1803 2311 1880 colle
2370 1809 2463 1881 iis

288 1894 694 1995 dabantur,
744 1906 1114 1976 maximos
1160 1905 1414 1977 tamen
1462 1901 1541 1975 et
1591 1900 2090 2004 amplissimos
2139 1928 2290 2005 pop
2375 1928 2466 1980 us

291 1992 546 2087 dabat,
598 2024 929 2073 coronas
974 2002 1054 2073 in
1100 1997 1402 2074 theatro
1450 2001 1585 2073 aut
1630 2002 1709 2073 in
1758 2002 2123 2092 concione
2184 2024 2464 2074 renun-

291 2092 631 2187 ciandas,
652 2100 1020 2195 imagines
1035 2096 1390 2172 titulosve
1417 2094 1873 2170 honorarios
1901 2099 1981 2170 in
2006 2091 2327 2198 publicis
2350 2094 2466 2171 lo-

291 2192 432 2283 cis,
480 2192 756 2268 victum
804 2197 885 2266 in
930 2196 1363 2290 Prytaneo,
1426 2192 1965 2274 immunitatem
2017 2192 2309 2294 aliaque
2361 2196 2467 2268 si-

290 2286 497 2362 milia
519 2285 617 2386 ⁴).
740 2292 1090 2392 Denique
1171 2293 1543 2366 civitatem
1611 2292 2040 2390 peregrinis
2103 2292 2472 2391 impertiri

291 2384 620 2484 populus
669 2388 960 2462 tantum
1009 2390 1171 2462 suis
1220 2387 1617 2488 suffragiis,
1663 2390 1989 2489 poterat,
2042 2412 2190 2488 qua
2239 2386 2333 2463 de
2381 2413 2467 2464 re

292 2482 473 2585 quid
522 2482 738 2586 leges
785 2489 1125 2562 caverint
1172 2508 1409 2588 supra
1456 2486 1884 2588 expositum
1934 2486 2053 2559 est
2079 2486 2190 2577 ⁵).‘

840 2834 918 2908 5.
970 2831 1101 2906 De
1146 2828 1772 2935 magistratib
1795 2856 1940 2923 us„

1137 2991 1200 3073 ς.
1238 2979 1645 3089 xxxm.

487 3115 989 3213 Magistratus
1039 3116 1339 3189 nomine
1389 3117 1635 3187 minus
1660 3112 2013 3188 accurate
2046 3134 2179 3187 eos
2208 3135 2471 3185 omues

297 3210 732 3308 significare
775 3209 1053 3306 licebit,
1151 3210 1378 3286 uibus
1403 3213 1625 3303 ἀρχῶν
1672 3206 2082 3310 appellatio
2115 3205 2211 3281 ab
2238 3205 2471 3282 Athe-

294 3308 689 3382 niensibus
736 3306 971 3382 tribui
1024 3336 1111 3382 so
1146 3308 1367 3403 ebat,
1434 3332 1881 3409 quamquam
1944 3302 2282 3378 nonnulli
2340 3331 2473 3379 eo-

295 3431 463 3477 rum
512 3408 796 3479 rectius
846 3407 978 3479 aut
1024 3413 1421 3481 curatores
1469 3408 1908 3497 (ἕπψεληταί)
1958 3403 2090 3474 aut
2150 3404 2473 3475 ministri

297 3504 675 3594 (ὑπηρέται)
733 3501 1165 3579 dicerentur
1193 3504 1286 3604 ¹).
1396 3502 1544 3577 Est
1605 3504 1804 3577 euim
1873 3498 2178 3576 omnino
2230 3499 2472 3575 Grae-

443 3704 509 3778 2)
544 3708 693 3764 Ibid.
732 3729 857 3782 cap.
892 3709 930 3767 9
963 3732 1019 3785 p.
1057 3711 1165 3768 286
1197 3729 1324 3785 sqq.

442 3816 510 3885 3)
544 3817 690 3873 Ibid.
727 3836 853 3891 cap.
891 3818 963 3874 1⁰
997 3831 1055 3886 P.
1092 3819 1199 3875 297
1235 3837 1360 3893 sqq.

442 3920 507 3994 4)
543 3925 691 3981 Ibid.
725 3945 847 3998 cap.
884 3926 1044 4015 1201».
1078 3924 1189 3982 334
1221 3944 1348 3998 sqq.
1418 3924 1574 3978 Add.
1610 3923 2047 3976 Westermann.
2109 3918 2182 3974 de
2227 3919 2472 3993 publicis
2611 3941 2648 3963 ν

297 3993 744 4052 Atheniensium
780 3997 1097 4052 bononbus
1135 4016 1204 4052 ac
1236 3999 1506 4071 praemiis
1552 3996 1972 4053 commentatio.
2026 3991 2184 4065 Iaips·
2220 3993 2380 4049 183⁰.
2414 3991 2470 4049 8.

440 4104 508 4174 5)
545 4107 686 4181 Gap.
723 4107 758 4160 1
791 4103 848 4172 ς.
888 4105 975 4164 18.
1426 4092 1433 4100 '

443 4209 502 4277 l)
540 4213 683 4267 vid.
717 4210 1155 4266 Hndtwalcker.
1195 4210 1267 4265 de
1303 4211 1568 4267 diaetetis
1603 4232 1659 4284 p.
1694 4209 1787 4264 32.
1842 4206 1992 4262 Add.
2022 4207 2274 4275 Aristot,
2296 4203 2473 4260 Polie.

301 4281 412 4350 IV,
449 4285 536 4351 12,
573 4285 613 4340 3
637 4290 886 4355 'etquae
923 4304 960 4339 a
993 4285 1161 4338 nobis
1198 4284 1350 4338 dicta
1384 4293 1520 4338 sunt
1557 4284 1630 4336 de
1668 4282 1884 4335 comitt-
1916 4298 1972 4351 p.
2003 4278 2114 4334 308
2149 4283 2210 4332 et
2240 4281 2303 4331 in
2325 4279 2469 4330 See-

304 4352 439 4411 bod.
474 4355 757 4413 Biblioth.
792 4358 919 4413 erit.
955 4375 1099 4419 nov,
1131 4373 1263 4412 ann.
1298 4358 1441 4415 1829
1475 4375 1655 4412 mens.
1691 4356 1847 4424 Aug.
1874 4349 2081 4434 ¹¹⁰·,97
2114 4369 2173 4425 p.
2208 4350 2342 4423 38⁵2
