3067 4975
47 1566 61 1832 ὴι--ι--γ
47 1371 58 1510 *τ’
47 1187 55 1312 ..υ-
47 1088 52 1103 ·
47 991 51 1004 -

55 2888 67 2935 u-
47 2694 67 2836 ——u
47 2594 67 2643 “
47 2201 66 2542 ο-τ.7ι-·-“,.“
47 2101 63 2150 v-

47 4099 67 4211 ·υιἜ
49 4028 68 4064 ¹·
47 3652 69 3997 ‘5⁴‘ff21-3-33‘-

47 4451 52 4465 -
47 4336 67 4411 *n*

925 341 996 414 8.
1044 341 1165 415 De
1209 343 1521 433 foedere
1565 345 1927 420 Aetolico.
2377 349 2524 423 439
2580 299 2586 310 κ
2639 317 2642 326 ¹

350 528 580 603 etiam
661 523 965 599 interna
1054 549 1305 598 rerum
1394 522 1866 622 publicarum
1946 527 2517 625 administratio,

350 626 688 725 quamvis
750 627 825 695 in
884 626 1309 696 universnm
1369 618 1612 695 libera
1675 625 1994 721 singulis
2068 632 2515 723 civitatibuS‚

345 722 616 820 posset
663 726 934 812 tamen,
975 723 1050 793 *si
1100 744 1293 816 opus
1344 721 1572 812 esset,
1625 720 2140 796 communibus
2189 731 2518 801 omnium

348 816 683 891 consiliis
732 821 902 914 regi
953 818 1032 892 et
1081 814 1416 888 ordinari
1443 817 1533 907 3).
1616 817 2128 894 conciliorum
2180 821 2327 896 duo
2378 851 2517 922 ge-

280 977 289 990 s
344 908 535 988 nera
584 921 824 1005 erant,
877 915 1216 1003 alterum,
1268 938 1489 1012 quum
1542 939 1819 1011 magna
1869 941 1968 989 ex
2019 918 2364 993 omnibus
2417 925 2519 994 ci-

345 1009 700 1085 vitatibus
755 1008 1147 1086 multitudo
1198 1008 1694 1084 conveniebat
1719 1011 1818 1105 4),
1869 1011 2205 1103 alterum,
2257 1021 2331 1088 in
2368 1044 2518 1120 quo

345 1111 751 1206 pauciores
807 1104 1304 1181 considebant
1354 1133 1401 1178 a
1450 1105 1876 1181 civitatibus
1944 1115 2101 1184 suis
2166 1111 2518 1212 delegati.

346 1206 591 1302 Atque
642 1202 715 1277 hi
768 1203 1062 1302 quidem
1114 1206 1203 1275 A·
1261 1200 1557 1276 ocleti
1605 1204 2068 1279 vocabantur
2096 1210 2189 1303 ⁵),
2245 1236 2517 1307 perpe-

344 1312 628 1399 tuoque
680 1304 1131 1397 congregati
1181 1229 1273 1373 ΕΒ
1325 1297 1553 1372 rebus
1603 1301 2018 1374 minoribus
2070 1308 2201 1376 aut
2252 1307 2519 1379 subitis

342 1401 487 1494 ipsi
551 1395 1097 1487 decernebant,
1178 1395 1270 1468 de
1345 1396 1754 1472 maioribus
1823 1398 1915 1470 ad
1983 1399 2519 1475 multitudinem

268 1517 277 1524 ‘
343 1490 777 1567 referebant
803 1493 894 1583 ⁶).
966 1496 1266 1564 Maiora
1316 1495 1637 1565 concilia
1688 1500 1819 1567 ant
1869 1495 2253 1570 ordinaria
2304 1502 2520 1572 erant
2612 1524 2614 1526 ’

343 1593 721 1687 statisque
769 1586 1240 1685 temporibus
1290 1586 1640 1662 habenda
1665 1592 1770 1681 7),
1835 1598 1968 1664 aut
2030 1596 2252 1665 extra
2314 1590 2520 1668 ⁸ordi-

347 1710 518 1758 nem
571 1709 791 1783 quum
842 1709 970 1756 res
1018 1690 1375 1780 posceret
1424 1692 1860 1761 convocata.
1959 1690 2085 1760 Ex
2121 1689 2524 1763 ordinariis
2576 1755 2580 1760 .

346 1805 575 1853 unum
625 1784 1021 1876 quotannis
1073 1775 1213 1851 sub
1266 1776 1761 1852 auctumualis
1812 1786 2268 1881 aequinoctii
2333 1795 2520 1858 tem·
2572 1820 2577 1825 ·

342 1902 497 1978 pus-
562 1874 759 1973 apud
844 1875 1251 1948 Thermum
1325 1872 1746 1949 habebatur
1777 1876 1887 1968 8),
1959 1880 2524 1953 Panaetolicum

351 1972 656 2064 dictum,
709 1971 800 2043 ad
855 1970 1223 2068 Apollinis
1275 1971 1667 2070 templum,
1718 1998 1879 2045 cum
1934 1977 2173 2047 sacris
2227 2004 2527 2078 quoque

347 2066 867 2144 communibus
930 2072 1007 2141 et
1082 2065 1277 2141 ludis
1341 2069 1668 2166 Apollini
1750 2075 2218 2145 consecratis
2246 2079 2337 2165 9).
2436 2076 2526 2147 In

349 2166 493 2239 boc
557 2168 1056 2262 imperatores
1118 2164 1392 2264 aliique
1460 2168 1687 2238 annui
1754 2169 2247 2264 magistratus
2311 2195 2523 2244 crea-

245 2357 247 2366 ⁴
345 2260 760 2353 hautun-¹⁰).
863 2260 1476 2333 Extraordinarii
1527 2265 1946 2334 conventus
1998 2290 2146 2363 quo
2200 2292 2526 2340 commo-

353 2358 525 2433 dum
578 2362 748 2434 erat
795 2361 1196 2432 convocari
1261 2356 1760 2455 solebantss).
1874 2358 2229 2436 Summus
2291 2364 2528 2439 totius

488 2617 555 2691 3)
593 2620 661 2674 Id
697 2619 974 2692 probatur
1010 2618 1343 2674 Dorimacbi
1381 2625 1440 2673 et
1474 2622 1699 2692 Scopae
1738 2620 2020 2692 exemplo,
2060 2641 2205 2695 quos
2242 2623 2525 2694 Polybius

353 2690 553 2759 fragm.
607 2693 707 2746 lib.
743 2694 920 2758 XlIl,
958 2694 990 2745 l
1038 2694 1403 2767 νομογράφους
1447 2693 1518 2744 ab
1569 2690 1793 2746 Aetolis
1844 2700 2068 2747 creatos
2126 2714 2250 2747 esse
2307 2695 2525 2755 scribit,

352 2782 464 2834 quo
512 2782 604 2816 res
654 2766 950 2817 civitatum
1003 2767 1150 2815 aeris
1211 2763 1385 2816 alieni
1443 2767 1836 2834 magnitudine
1881 2766 2245 2837 perturbatas
2290 2767 2525 2818 ‘ordina-

350 2842 498 2888 rent.
570 2836 831 2888 Pertinet
864 2835 974 2888 hoc
1011 2833 1085 2887 ad
1124 2833 1201 2888 ol.
1246 2836 1365 2888 143.

491 2939 556 3010 4)
595 2942 689 2995 Cf.
722 2940 930 3010 Polyb:
969 2941 1056 3003 V,
1108 2942 1240 3006 103,
1285 2942 1339 2994 2.
1378 2940 1429 2994 6.
1497 2942 1736 3009 XVIII,
1767 2943 1868 3004 31,
1906 2943 1977 3007 6.,
2034 2943 2333 3007 xxvm,
2369 2943 2435 3008 4,
2471 2943 2522 2996 1.

347 3012 597 3151 ξῖἒᾶἓὲ..
639 3013 822 3078 XIX,
865 3011 951 3068 66.
1021 3011 1152 3067 Liv.
1197 3012 1473 3083 XXXV,
1522 3014 1631 3081 34,
1676 3015 1731 3071 2.
1811 3014 1917 3082 46,
1969 3014 2017 3066 l.
2112 3014 2427 3067 Tittmann.
2464 3033 2520 3083 p.

487 3187 554 3257 5)
594 3190 723 3247 Liv.
760 3190 1033 3256 XXXVI,
1069 3189 1159 3255 28,
1196 3189 1260 3245 82
1295 3192 1407 3256 „in
1445 3190 1689 3243 consilio
1710 3188 2079 3258 delectorum,
2118 3207 2264 3264 quos
2290 3188 2517 3262 apocle-

347 3268 439 3315 tos
473 3259 750 3315 vocant.“
817 3260 906 3314 cf.
940 3261 1017 3313 id.
1054 3262 1318 3329 XXXV,
1352 3263 1442 3330 34,
1479 3264 1533 3317 2.
1572 3263 1660 3330 46,
1700 3263 1749 3315 1.
1786 3262 1997 3333 Polyb.
2034 3265 2144 3332 IV,
2183 3265 2234 3331 5,
2271 3262 2323 3317 9.
2376 3263 2516 3324 XX,

345 3335 380 3389 l
420 3340 477 3388 et
512 3335 599 3402 10,
638 3334 725 3390 ll.
797 3333 966 3401 XXI,
1001 3333 1055 3398 3,
1093 3334 1144 3387 2.

403 3451 413 3472 “
492 3436 550 3502 6)
584 3440 722 3492 Vid.
762 3436 908 3490 loco.
946 3436 1140 3491 laudd.
1178 3445 1236 3490 et
1273 3439 1589 3491 Tittmann.
1626 3459 1682 3512 p,
1722 3436 1841 3494 72'6.
1885 3443 2019 3509 727,
2058 3443 2157 3513 qui
2194 3446 2382 3493 tamen
2418 3439 2515 3491 Li-

345 3511 431 3563 vii
466 3508 654 3561 locum
691 3508 956 3576 XXXV,
1001 3509 1074 3563 45
1114 3516 1256 3562 extr.
1295 3527 1414 3560 non
1450 3519 1608 3561 recte
1652 3515 1938 3583 accepisse
1985 3515 2232 3566 videtur.
2306 3513 2513 3563 Extra-

345 3581 699 3635 ordinarium
735 3580 1040 3635 concilium
1080 3578 1469 3652 apocletorum
1509 3581 1740 3635 decreto
1777 3585 2052 3638 indictum
2075 3583 2358 3654 Polybius
2394 3601 2512 3634 me·

343 3659 535 3706 morat.
568 3653 708 3717 XX,
747 3654 830 3720 10,
868 3654 954 3707 14.
1372 3652 1377 3659 “

488 3756 547 3827 7)
589 3756 791 3830 Polyb.
824 3758 935 3826 IV,
973 3760 1058 3827 15,
1095 3759 1149 3814 8.
1226 3759 1541 3814 Tittmann·
1576 3779 1635 3832 p.
1672 3760 1794 3815 726.

486 3862 553 3932 8)
588 3864 796 3937 Polyb.
831 3867 951 3935 lv,
986 3866 1076 3929 37,
1110 3869 1166 3921 2.
1237 3865 1438 3923 Strab.
1482 3868 1579 3932 X,
1623 3867 1662 3924 3
1705 3880 1764 3936 Ρ.
1799 3868 1926 3924 463.
1999 3867 2094 3923 Cf·
2130 3867 2387 3924 Boeckh.
2434 3865 2508 3920 ad

345 3937 520 4010 Corp-
554 3936 734 3991 Inscr.
766 3934 827 3990 Π
862 3950 915 4003 p.
954 3938 1077 3992 632.
1110 3937 1235 3992 633.

484 4040 554 4111 e>
591 4042 802 4114 Polyb.
834 4044 946 4108 1v,
980 4043 1035 4112 e,
1069 4045 1123 4098 5.
1159 4044 1232 4099 of.
1255 4045 1455 4115 xn4,
1490 4045 1547 4101 1.

485 4147 585 4217 ιο)
618 4148 712 4206 Ide
743 4150 853 4221 w,
886 4152 979 4213 37.
1012 4153 1068 4205 2.

484 4252 579 4320 ll)
614 4257 697 4311 V.
733 4275 785 4311 c·
823 4258 1166 4326 Thermum,
1202 4258 1409 4329 Polyb.
1446 4254 1716 4313 XXVIII
1728 4296 1745 4322 ,
1780 4259 1843 4325 4,
1881 4259 1943 4327 l,
1979 4258 2080 4311 uhi
2114 4258 2509 4311 Romanorum

341 4328 544 4423 vegatio
580 4330 967 4388 introducitur
1003 4331 1075 4386 de
1110 4329 1264 4384 bello
1306 4330 1588 4384 adversus
1609 4333 1860 4386 “Persen
1912 4330 2229 4401 dandisque
2274 4328 2346 4380 ab
2392 4328 2507 4378 Ae-
