3067 4975
1138 367 1661 467 Prooemium.
2398 376 2495 450 13

1273 572 1343 653 §.
1394 563 1531 636 VI.

362 761 367 766 .
412 753 419 760 ,
503 694 631 768 Ex
684 695 800 770 his
849 695 1089 790 igitur
1137 689 1481 768 fonttbus
1528 693 1929 792 repetitam
1980 692 2505 795 antiquitatum

312 793 780 867 Graecarum
834 793 1256 864 doctrinam
1302 793 1485 890 post
1533 793 1844 866 renatas
1894 790 2183 868 litteras
2234 791 2408 865 inde
2460 818 2509 865 a

313 895 621 964 saeculo
674 891 904 965 sexto
957 887 1244 962 decimo
1295 887 1532 983 multi,
1586 914 2027 991 quamquam
2083 892 2295 962 vario
2324 915 2509 962 con-

311 986 484 1082 silio
538 995 613 1062 et
661 1011 1017 1061 successu
1067 984 1373 1061 tradere
1424 989 1931 1061 instituerunt.
2029 988 2224 1059 Nam
2291 990 2508 1059 initio

315 1084 878 1159 cordatissimus
943 1087 1253 1185 quisque
1315 1090 1654 1158 veterum
1703 1089 1978 1157 ‘rerum
2043 1083 2514 1181 publicarum

315 1209 408 1255 ac
471 1179 708 1255 civilis
781 1178 1221 1279 disciplinae
1289 1183 1803 1279 cognitionem
1873 1207 2312 1282 omnemque
2376 1207 2514 1280 po-

312 1278 668 1378 pulorum
719 1277 1105 1352 historiam
1172 1277 1674 1375 expetendam
1737 1276 2099 1351 censebat
2158 1283 2513 1376 tanquam

313 1374 775 1449 uberrimum
805 1373 1046 1448 civilis
1078 1372 1521 1473 prudentiae
1566 1374 1875 1468 fontem,
1927 1373 2126 1447 unde
2168 1374 2519 1473 exempla.

316 1477 559 1546 omnis
606 1476 917 1572 generis
969 1480 1044 1545 et
1091 1473 1501 1571 praecepta
1555 1471 1837 1546 hauriri
1888 1476 2222 1573 possent
2254 1471 2348 1544 ad
2383 1497 2520 1570 ge-

314 1569 558 1644 renda
607 1574 903 1643 naviter
953 1595 1047 1644 ne
1112 1572 1269 1642 otia
1319 1566 2136 1669 administrandamque
2188 1595 2346 1642 rem
2374 1595 2517 1667 pu-

315 1664 589 1741 blicam
671 1666 908 1741 utilia.
1123 1666 1220 1741 ali
1313 1665 1634 1738 consilio
1714 1665 2044 1741 Carolus
2122 1665 2519 1765 Sigoniu3‚

318 1763 734 1838 Guilelmus
781 1763 1193 1857 Postellus,
1244 1767 1616 1836 Antonius
1666 1763 2027 1865 Thysius,
2075 1761 2309 1838 Ubho
2343 1764 2520 1837 Em-

318 1866 537 1953 miuS,
585 1859 949 1934 Nicolaus
1001 1862 1329 1960 Cragius
1361 1860 1422 1951 ¹)
1487 1857 1763 1962 aliique
1825 1859 2087 1960 plures
2153 1859 2248 1935 de
2318 1866 2519 1934 vete-

318 1959 850 2032 ris‘Graeciae
901 1955 1136 2032 rebus
1184 1956 1512 2056 puhlicis
1565 1960 2069 2056 scripserunt,
2119 1955 2521 2033 doctrinae

320 2054 623 2227 3333&
652 2052 1447 2227 Jffiii‘iuissviffiaffl
1452 2052 2525 2228 212⁰232T⁸³311³ff13122⁰31⁵1133

319 2252 793 2348 potissimum
845 2251 1306 2347 spectante8‚
1353 2250 1441 2322 ut
1486 2178 1830 2322 veterum,
1871 2250 2251 2323 civitatum
2302 2253 2381 2325 et
2405 2254 2523 2324 in-

325 2350 759 2419 stitutorum
811 2349 1248 2420 memoriam
1301 2344 1401 2419 ad
1448 2344 1872 2446 aequalium
1935 2370 2245 2420 suorum
2306 2373 2527 2440 usum

318 2451 795 2519 revocarent.
892 2446 1089 2517 Mox
1140 2445 1390 2518 autem
1454 2442 1580 2517 alii
1615 2446 1806 2518 ‘sive
1855 2446 2128 2519 natura
2180 2450 2256 2519 et
2303 2448 2525 2545 inge-

319 2546 451 2615 nio
506 2546 661 2616 sive
713 2541 1035 2616 consilio
1089 2543 1168 2616 et
1215 2538 1605 2616 voluntate
1656 2538 1755 2614 ab
1807 2539 1949 2616 hac
1996 2541 2191 2616 civili
2221 2545 2526 2619 ratione

322 2638 552 2714 alieni
599 2637 676 2713 id
719 2666 949 2713 unum
985 2665 1220 2736 agere
1248 2646 1691 2737 coeperunt,
1739 2640 1828 2712 nt
1856 2643 2241 2713 materiam
2279 2645 2526 2716 omnis

318 2740 634 2836 generis
684 2741 1181 2838 antiquat-iam
1234 2736 1567 2838 undique
1619 2740 2154 2837 conquirerent
2206 2740 2284 2812 et
2314 2765 2525 2812 com-

317 2837 701 2933 ponerent
727 2835 838 2928 2),
945 2834 1039 2907 de
1128 2834 1449 2908 utilitate
1539 2841 1615 2908 et
1689 2832 1942 2907 fructu
2016 2860 2286 2933 parum
2359 2835 2527 2913 fere

323 2930 666 3025 solliciti,
731 2957 1084 3009 acervum
1155 2927 1680 3005 tantummodo
1742 2956 1997 3006 rerum
2070 2957 2291 3033 quam
2339 2960 2526 3034 pos·

467 3135 535 3207 1)
585 3138 719 3194 Car.
773 3138 1005 3209 Sigonii
1060 3137 1132 3191 de
1178 3155 1246 3191 re
1294 3136 1529 3210 publiea
1574 3136 2019 3194 Atheniensium
2063 3141 2200 3198 libri
2291 3149 2522 3202 uatuor.

318 3209 557 3263 Bonon.
588 3210 750 3267 1⁶64.
789 3210 838 3265 8.
909 3212 1126 3264 Postea
1159 3211 1391 3280 saepius
1432 3213 1684 3284 repetiti,
1722 3218 1781 3266 et
1816 3213 1881 3265 in
1927 3214 2213 3269 Gronovii
2246 3225 2272 3270 t
2315 3236 2524 3273 esauro

318 3288 464 3336 tom.
509 3281 590 3334 V.
633 3309 703 3322 -
756 3281 911 3335 Guil.
947 3279 1192 3335 Postelli
1224 3287 1501 3335 tractatus
1538 3281 1612 3337 de
1639 3300 1705 3336 re
1742 3282 1977 3355 publica
2010 3303 2057 3345 s.
2096 3291 2527 3357 magistratibus

323 3352 788 3418 Atheniensium,
824 3355 888 3407 in
922 3352 1104 3406 Gron.
1146 3351 1297 3406 thes.
1330 3361 1467 3407 tom.
1498 3354 1578 3407 V.
1630 3356 1771 3408 Ant.
1816 3353 2023 3426 'rhysii
2067 3356 2141 3413 de
2189 3378 2253 3413 re
2290 3361 2526 3432 publica

226 3438 235 3447 “
317 3424 767 3478 Atheniensium
809 3430 1085 3478 tractatus
1136 3423 1426 3494 politicus.
1473 3424 1616 3480 ibid.
1659 3425 1813 3482 Ubb.
1847 3426 2060 3483 Emmii
2103 3430 2175 3485 de
2214 3433 2526 3505 compluri-

320 3495 436 3549 bus
473 3497 829 3550 Graecorum
863 3495 1038 3549 rebus
1087 3493 1336 3566 publicis
1394 3495 1562 3565 libri,
1618 3497 1761 3551 ibid.
1795 3504 1934 3553 tom.
1967 3500 2080 3555 IV.
2150 3502 2286 3558 Nic.
2325 3507 2525 3575 Oragii

324 3567 400 3693 ὀρθ
450 3585 516 3621 re
605 3568 801 3622 ublica
839 3567 1433 3622 Lacedaemoniorum
1474 3567 1612 3624 libri
1668 3569 1782 3625 IV.
1823 3570 2050 3633 Gener.
2089 3573 2242 3630 1593.
2292 3577 2329 3632 4
2365 3584 2424 3631 et
2455 3580 2523 3633 in

384 3657 509 3694 ron.
544 3647 569 3691 t
612 3659 688 3693 es.
721 3648 860 3697 tom.
893 3641 977 3693 V.

471 3741 535 3815 2)
567 3745 662 3798 Ex
702 3745 815 3800 hoe
858 3764 1075 3817 genere
1119 3744 1557 3817 compilatorum
1602 3750 1915 3820 praecipua
1956 3749 2132 3805 laude
2176 3751 2386 3824 dignus
2433 3761 2524 3814 est

321 3816 593 3869 Joannes
625 3819 947 3887 Mem-sius,
998 3821 1159 3875 ouius
1195 3817 1268 3871 de
1297 3820 1476 3873 variis
1508 3821 1913 3892 antiquitatum
1959 3825 2311 3880 Graecarum
2345 3832 2525 3901 parti·

324 3887 438 3941 bus
484 3888 618 3942 libri
671 3887 775 3959 (de
816 3892 1049 3961 popntis
1094 3908 1140 3943 s.
1187 3892 1350 3961 pagis
1392 3893 1623 3948 Atticis.
1651 3890 1920 3948 Athenae
1948 3898 2196 3954 Atticae.
2226 3901 2526 3973 Cecropia.

327 3961 663 4013 Ceramicus
678 3964 962 4031 geminus.
987 3963 1280 4016 Piraeeus.
1329 3962 1585 4034 Reliqua
1628 3965 1841 4019 Attica.
1878 3967 1969 4021 De
1985 3986 2168 4037 regno
2186 3969 2397 4025 Athen·
2427 3975 2525 4028 Do

320 4030 739 4088 Archontibus.
762 4032 975 4087 Athen.
1003 4034 1265 4087 Fortuna
1278 4030 1740 4089 Atheniensium.
1763 4035 1997 4093 Themis
2012 4043 2224 4098 Attica.
2258 4045 2522 4117 Areopa-

322 4120 455 4170 με.
495 4102 775 4159 Theseus.
810 4105 1017 4158 Solon.
1054 4107 1409 4160 Pisistratus.
1452 4105 1769 4162 Eleusinia.
1804 4109 2235 4167 Panathenaea.
2270 4117 2522 4170 Graecia

314 4172 551 4229 feriata.
621 4178 715 4230 De
743 4172 896 4230 ludis
930 4178 1300 4231 Graecorum.
1372 4176 1703 4233 Orchestra.
1771 4183 1864 4236 De
1893 4188 2218 4257 puerperio.
2300 4188 2391 4241 De
2425 4207 2522 4241 re-

315 4262 441 4313 gno
480 4246 783 4305 Laconico.
850 4247 1234 4304 Miscellanea
1256 4248 1564 4304 Laconica.
1636 4252 1827 4307 Creta.
1899 4257 2142 4328 Cyprus.
2213 4256 2518 4326 Rhodus.)

309 4315 584 4441 flerique
637 4336 672 4371 a
734 4321 1037 4375 Gronovio
1093 4323 1158 4374 in
1205 4318 1481 4374 thesauro
1539 4325 1611 4376 A.
1673 4325 1802 4388 Gr„
1859 4343 2059 4382 omnes
2100 4347 2226 4382 cum
2294 4333 2502 4385 ceteris

388 4393 563 4444 eursii
590 4391 864 4463 operibus
892 4391 965 4446 ab
983 4391 1266 4449 sommi
1297 4392 1436 4447 editi
1465 4401 1624 4457 sunt,
1640 4394 1911 4453 Florent.
1932 4400 2200 4457 1741-63.
2217 4402 2353 4460 ΧΠ.
2386 4400 2500 4456 Fol
