3067 4975
293 415 331 460 ς.
785 376 861 444 3.
919 365 1040 439 Dc
1089 366 1388 438 Senatu
1418 352 2071 457 mangonem-nm.
2373 367 2521 443 215

336 544 693 650 probatio
721 547 857 643 ¹3),
920 571 1116 647 qnos
1176 540 1309 619 ubi
1370 542 1751 644 designati
1813 548 2033 622 erant
2095 551 2511 645 examinari

334 676 384 720 a
432 646 699 720 senatu
750 639 1182 743 oportebat,
1235 646 1585 718 essentne
1631 668 1772 741 per
1819 642 2035 742 leges
2087 644 2183 718 ad
2244 647 2509 721 ineu‘n-
2594 690 2601 698 ·

336 743 511 817 dnm
562 744 1093 840 magistratum
1145 737 1620 814 admittendit
1668 745 1746 813 iu
1798 767 1947 840 quo
1999 767 2222 842 quum
2274 747 2507 818 cuivis

332 866 469 913 eos
528 840 886 937 tauquam
948 833 1305 934 indignos
1368 861 1697 934 arguere
1758 836 2059 931 liceret,
2137 863 2504 938 saepenu-

330 962 543 1010 mero
609 960 843 1009 causa
905 958 1058 1006 non
1124 959 1344 1008 secus
1395 958 1616 1033 quam
1678 931 1875 1034 apud
1925 933 2210 1011 iudices
2257 941 2334 1009 in
2384 962 2503 1011 se-

330 1040 515 1107 natu
562 1029 1130 1131 disceptabatur
1157 1030 1279 1127 ¹4).
1353 1032 1757 1105 Postremo
1810 1035 2034 1105 etiam
2084 1030 2500 1107 delationes

329 1134 462 1203 aut
511 1133 1035 1208 accusationes
1087 1125 1185 1201 ad
1236 1131 1581 1201 senatum
1609 1125 2170 1224 deserebantur,
2220 1134 2284 1202 si
2326 1126 2502 1232 quid

329 1231 805 1308 commissum
869 1227 1072 1299 esset
1122 1222 1416 1323 publica
1465 1223 2113 1301 animadversione
2166 1224 2499 1324 dignum,

328 1324 464 1397 sed
579 1321 726 1396 uod
795 1320 1182 1416 ordinario
1248 1321 1525 1396 iudicio
1593 1321 1793 1422 apud
1859 1347 2085 1398 uuum
2152 1350 2193 1398 e
2252 1326 2493 1421 magi-

325 1423 549 1495 strati
607 1447 695 1494 us
758 1419 1190 1519 iudicesque
1306 1417 1661 1518 epulares
1738 1418 2163 1513 (helinstas)
2232 1446 2494 1519 perse-

329 1522 459 1618 qui
506 1526 906 1592 accusator
953 1523 1084 1589 aut
1134 1543 1232 1589 no
1266 1519 1370 1591 let
1417 1520 1549 1588 aut
1597 1542 1748 1589 non
1799 1523 2070 1615 posset
2095 1520 2214 1616 ¹⁵).
2273 1519 2492 1591 Eius·

327 1612 532 1734 modi
582 1613 880 1708 delicta,
931 1618 998 1687 si
1030 1612 1317 1686 leviora
1356 1619 1612 1687 essent
1636 1613 2113 1733 neque-ultra
2145 1614 2493 1735 mulctam

323 1709 2494 1907 3¹:2¹¹&{533.‡¹J“33⁰3‚233¹3.3m³2¹13“22122512.1;¹;‘¹:33:

324 1904 598 2000 ciebat,
662 1910 811 1980 nisi
860 1910 923 1979 si
971 1909 1217 1977 maior
1278 1931 1326 1978 a
1374 1905 1657 2004 populo
1760 1910 2045 1981 otestas
2105 1911 2250 2003 ipsi
2316 1904 2495 1978 data

323 2011 549 2078 esset.
646 2004 814 2076 Hoc
866 2006 1060 2076 enim
1111 2027 1639 2103 nonnunquam
1720 2001 2202 2095 ‘erisolehat‚
2252 2005 2337 2074 ut
2362 2027 2490 2076 ea-

318 2126 484 2175 rum
544 2126 846 2203 quoque
906 2124 1195 2191 rerum,
1277 2098 1370 2174 de
1433 2098 1707 2200 quibus
1768 2121 1923 2172 non
1993 2104 2283 2174 senatui
2321 2095 2488 2172 sed

316 2196 600 2297 populo
671 2195 1048 2271 statuendi
1117 2200 1236 2269 ius
1287 2204 1487 2287 erat,
1553 2197 1867 2270 liberum
1930 2195 2039 2270 illi
2101 2195 2489 2271 arbitrium

318 2299 545 2396 atque
571 2297 1047 2440 ⁷potestatem
1099 2294 1779 2367 extraordinariam
1830 2294 2155 2391 populus
2181 2296 2485 2391 permit-

315 2394 563 2467 teret¹
600 2398 667 2489 ).
752 2393 1106 2464 Ceterum
1158 2391 1503 2463 consulta
1539 2391 1851 2464 senatus
1885 2407 2037 2463 non
2082 2390 2277 2464 ultra
2319 2414 2484 2493 eum

226 2564 237 2577 ἰ
316 2517 465 2593 quo
514 2488 807 2591 perlata
857 2490 1075 2563 erant
1125 2514 1395 2561 almum
1447 2485 1946 2583 valebantffi).

1192 2670 1258 2748 §.
1310 2655 1611 2730 XXIX.

509 2793 932 2865 Convenire
997 2790 1305 2862 senatus
1369 2787 1700 2890 quotidie
1762 2792 1841 2862 in
1905 2794 2117 2865 curia
2144 2791 2205 2883 ¹)
2282 2786 2481 2867 sole-

341 2985 354 3002 ’
456 2997 553 3069 13)
591 2997 730 3052 Vid.
767 2997 912 3050 loec.
951 3015 1043 3068 ap.
1079 2997 1283 3049 Meier.
1328 2998 1498 3052 Pron.
1547 2999 1671 3051 Att.
1717 3016 1774 3069 Ρ.
1812 2998 1946 3066 206,
2010 3017 2044 3053 e
2088 2997 2292 3070 quibus
2337 2998 2480 3050 satis
2543 3054 2554 3061 α

312 3073 673 3129 manifestum
729 3071 952 3124 videtur
999 3069 1305 3121 archontes
1349 3076 1665 3137 tantumnet
1703 3088 1899 3122 eorum
1938 3088 2256 3123 assessores
2291 3070 2353 3122 iu
2388 3085 2479 3119 se·

312 3152 457 3200 natu
493 3163 558 3197 ac
582 3142 787 3194 deinde
825 3139 973 3212 apud
1012 3140 1246 3208 iudices,
1291 3140 1546 3214 reliquos
1585 3151 1773 3215 autem
1811 3145 2176 3212 magistratus
2213 3159 2332 3194 non
2367 3140 2480 3192 nisi

315 3216 469 3290 apud
501 3214 718 3269 iudices
756 3214 1066 3284 δοκιμασίαν
1097 3214 1361 3267 subiisse.
1561 3228 1566 3233 '

459 3319 547 3388 14)
581 3322 675 3374 Ex
718 3320 828 3374 hoc
874 3339 1086 3390 genere
1126 3300 1433 3374 causarum
1482 3326 1746 3390 superest
1782 3318 1909 3379 „una
1944 3320 2155 3393 Lysiae
2188 3322 2252 3375 in
2285 3319 2480 3373 Euan-

308 3396 476 3449 drum
513 3394 716 3447 oratio.

352 3490 359 3499 ’
457 3504 548 3563 15)
586 3499 677 3554 Cf.
721 3499 792 3553 (le
830 3503 1042 3569 comitt.
1079 3521 1131 3573 Ρ.
1174 3500 1278 3554 180
1313 3517 1378 3571 sq
1421 3535 1436 3551 .
1469 3518 1527 3570 Ρ.
1570 3498 1674 3553 190
1709 3517 1835 3571 sqq.
1907 3501 2076 3555 Ptoc.
2114 3502 2233 3554 Att-
2278 3518 2334 3572 Ρ.
2374 3496 2482 3553 260

315 3593 438 3646 sqq.
480 3581 537 3626 et
574 3591 717 3643 quae
755 3572 906 3625 infra
944 3591 1066 3644 cap·
1103 3575 1139 3626 4
1177 3566 1226 3641 ξ.
1259 3572 1331 3625 34
1406 3574 1652 3625 icentur.

458 3678 556 3750 16)
598 3677 888 3733 Demosth.
923 3681 982 3731 in
1020 3679 1231 3755 Euerg.
1272 3685 1330 3731 et
1355 3676 1605 3733 Mnesih.
1639 3698 1696 3751 Ρ.
1733 3679 1892 3733 1152.
1955 3744 1962 3753 J

226 3819 233 3823 -
406 3784 559 3912 9517)
597 3782 757 3851 Βουλῆ
803 3785 1143 3861 αὖωκρᾶτωρ.
1190 3784 1414 3839 Andoc.
1463 3785 1534 3838 de
1582 3786 1749 3857 myst.
1802 3807 1859 3858 Ρ.
1907 3787 1960 3842 8.
2010 3785 2098 3840 Cf.
2147 3782 2219 3839 de
2264 3787 2512 3839 comita·

312 3879 371 3933 Ρ.
479 3897 493 3910 .

461 3961 561 4031 18)
594 3958 815 4018 Rufum
849 3958 912 4016 τοὶ
944 3962 1026 4030 τῆς
1053 3961 1228 4032 βουλῆς
1257 3965 1584 4034 ψηφίσματα.
1659 3966 1824 4018 D‘em.
1863 3966 1923 4017 in
1960 3966 2236 4022 Aristocr.
2269 3985 2325 4037 p.
2352 3964 2476 4019 651.

318 4036 393 4090 cf·
432 4036 502 4088 de
539 4039 751 4089 comitt.
783 4055 837 4107 p.
878 4034 965 4088 96.
1003 4035 1255 4087 Platner.
1305 4037 1472 4088 Proc.
1519 4037 1595 4101 11,
1635 4056 1688 4108 Ρ.
1722 4038 1810 4090 25.
1845 4038 2270 4110 Προβουλεύματα
2305 4041 2482 4107 igitur

316 4127 439 4161 non
473 4116 738 4177 poteraut
783 4109 895 4158 nisi
943 4106 1013 4158 ab
1063 4125 1131 4158 eo
1172 4126 1206 4158 a
1242 4124 1354 4178 quo
1395 4106 1624 4159 decreta
1663 4117 1824 4159 erant
1858 4117 2060 4161 senatu
2100 4110 2172 4161 ad
2207 4108 2480 4182 populum

315 4181 472 4234 ferri.
510 4179 600 4232 Cf.
637 4188 695 4233 et
726 4177 938 4232 Annal.
977 4180 1099 4231 crit.
1133 4177 1327 4232 Berol.
1369 4197 1502 4232 ann.
1547 4180 1691 4249 1820‘
1719 4180 1915 4250 Septi».
1951 4174 2004 4251 p.
2040 4181 2165 4235 331.

461 4284 521 4356 l)
554 4286 644 4341 Ἐν
672 4287 746 4358 τῷ
758 4274 1101 4360 ’βουλευτηρίῳ
1145 4289 1208 4338 in
1257 4286 1558 4339 Ceramico
1607 4285 1675 4338 ad
1725 4286 1932 4339 forum·
1968 4287 2216 4340 Pausan.
2254 4272 2389 4356 1‚'3,
2425 4285 2482 4340 4.

316 4358 514 4413 Leake
549 4357 929 4432 topognAth.
966 4379 1022 4431 Ρ.
1045 4359 1169 4425 177,
1240 4357 1423 4411 Extra
1451 4358 1708 4412 ordinem
1748 4361 1917 4412 etiam
1954 4357 2080 4411 aliis
2100 4363 2162 4413 in
2187 4359 2347 4449 locis,
2384 4376 2483 4411 ve·
