3067 4975
597 356 699 429 98
864 353 1034 429 ΙΙΙ.
1104 352 1224 425 De
1270 347 1494 424 rebus
1529 349 1859 451 pwbh‘cis
1904 352 1992 426 in
2036 351 2495 428 anthemum.

611 562 779 612 nem
811 533 1245 609 moderetur
1268 532 1377 629 3)=
1427 529 1719 604 feratur
1743 541 1989 611 autem
2017 533 2111 608 ad
2192 531 2494 634 opulum
2531 532 2624 608 de
2666 532 2772 610 10..

615 633 840 735 gibus
908 633 1186 705 civitati
1249 626 1515 701 dandis
1594 635 1721 701 aut
1787 563 2295 731 abrogangis,
2374 629 2467 705 de
2546 630 2778 727 bello,

618 757 829 831 pace,
880 724 1344 818 foederibus,
1395 722 1491 797 de
1536 727 2111 823 magistratibus
2164 727 2509 802 creandis
2561 729 2661 820 et,
2713 732 2779 801 si

625 825 800 928 quid
853 823 1323 924 deliquerint,
1371 821 1847 898 removendis
1897 828 1975 900 et
2024 824 2522 923 castigandis,
2572 822 2780 898 deni·

625 950 770 1024 que
822 920 913 994 de
966 916 1396 993 criminibus
1447 918 1920 1017 capitalibus,
1971 927 2034 995 si
2087 949 2233 1067 qua
2284 921 2375 994 ad
2420 947 2780 994 summam

622 1045 781 1095 rem
828 1015 1201 1117 publicam
1248 1018 1631 1114 pertinere
1678 1015 2068 1095 videantur
2126 1033 2178 1105 ).
2209 1065 2295 1079 —-
2352 1020 2603 1091 Porro
2624 1043 2782 1090 ma·

623 1121 992 1217 gistratus
1040 1121 1125 1188 ut
1172 1117 1340 1213 capi
1390 1111 1487 1187 ab
1544 1113 1890 1190 omnibus
1936 1117 2258 1216 possint,
2310 1118 2437 1215 qui
2487 1113 2786 1214 quidem

627 1218 829 1289 cives
891 1212 1076 1303 sint,
1137 1236 1368 1284 censu
1437 1211 1571 1283 aut
1625 1209 1831 1285 nullo
1897 1218 2227 1285 autnon
2276 1237 2553 1310 magno
2606 1236 2787 1284 con-

627 1312 930 1386 stituto:
979 1312 1066 1380 ut
1114 1311 1340 1382 annui
1393 1311 1564 1399 sint,
1616 1313 1747 1380 aut
1798 1313 2019 1382 etiam
2075 1305 2440 1382 brevioris
2491 1312 2787 1407 tempo·

627 1411 735 1483 ris
762 1408 873 1505 ⁵),
921 1429 1062 1477 nec
1110 1404 1334 1478 liceat
1365 1403 1636 1573 plures
1687 1406 1902 1480 simul
1952 1405 2048 1480 ab
2099 1431 2249 1478 uno
2302 1407 2788 1503 magistratus
2885 1489 2889 1493 .

629 1530 819 1579 neve
872 1506 1175 1600 saepius
1226 1527 1360 1575 eos
1418 1527 1532 1573 em
1599 1507 1807 1601 capi,
1868 1507 2015 1576 nisi
2076 1506 2304 1576 certis
2368 1504 2790 1600 temporum

627 1597 1039 1675 intervallis
1067 1602 1173 1693 ⁶):
1221 1606 1303 1669 ut
1353 1602 1467 1671 ius
1519 1603 2086 1697 magistratuum
2152 1602 2383 1673 certis
2445 1624 2536 1670 ac
2601 1597 2788 1696 legi-

628 1700 826 1773 timis
874 1690 1149 1767 finibus
1198 1692 1579 1767 definitum
1630 1699 1730 1768 sit
1755 1697 1863 1792 ⁷):
1915 1704 1999 1770 ut
2045 1701 2247 1795 gesti
2309 1699 2790 1793 magistratus

630 1797 962 1869 rationes
1011 1789 1438 1864 reddendae
1491 1791 1666 1863 sint.
1718 1837 1812 1851 —
1888 1796 2074 1867 Item
2140 1802 2224 1865 ut
2272 1792 2553 1865 iudices
2604 1817 2790 1891 quo-

632 1917 775 1991 que
827 1891 1217 1986 capiantur
1267 1909 1361 1961 ex
1412 1887 1753 1962 omnibus
1778 1890 1880 1983 ⁸),
1930 1890 2223 1963 iudiciis
2274 1892 2523 1961 autem
2568 1913 2792 1987 prae-

613 1988 783 2062 ·sint
830 1986 1320 2081 magistratus
1367 1987 1445 2056 in
1497 2009 1637 2056 suo
1691 1991 1962 2086 quique
2024 2011 2307 2084 genere
2375 2008 2792 2076 causarum,

684 2086 761 2155 ui
809 2082 1248 2153 instructam
1301 2078 1498 2179 apud
1550 2107 1632 2152 se
1682 2082 1884 2156 litem
1939 2081 2032 2155 ad
2085 2081 2409 2155 iudicum
2471 2080 2795 2179 collegia

633 2110 1017 2269 deserant,
1117 2174 1458 2250 ordinem
1554 2176 1810 2252 iudicii
1900 2177 2423 2272 moderentur,
2522 2177 2791 2252 suffra-

629 2280 837 2376 gium
889 2272 1088 2364 dent,
1136 2275 1581 2346 sententiam
1633 2299 1679 2347 a
1725 2275 2098 2349 iudicibus
2165 2274 2390 2347 latam
2509 2300 2790 2348 rouun-

630 2375 841 2464 tient,
894 2395 1085 2469 quae
1140 2395 1234 2442 ue
1287 2396 1479 2468 opus
1530 2370 1629 2442 sit
1679 2370 1774 2444 ad
1828 2399 1988 2445 eam
2030 2301 2584 2472 exsequendgm
2611 2397 2789 2470 pro-

631 2471 898 2545 curent
921 2470 1019 2562 9).
1091 2396 1465 2567 (benique
1563 2496 1737 2542 uum
1790 2474 2032 2543 omnis
2082 2469 2537 2543 democratia
2566 2495 2794 2570 quan-

633 2569 787 2640 tum
818 2562 981 2637 fieri
1014 2566 1270 2662 potest
1301 2590 1545 2664 aequa
1603 2566 1915 2640 ilitatem
1940 2569 2138 2640 inter
2168 2573 2367 2639 cives
2408 2581 2793 2667 sequatur,

636 2662 822 2736 baec
873 2686 967 2732 ne
1017 2659 1504 2757 perturbetur
1552 2688 1965 2761 paucorum
2018 2659 2292 2761 opibus
2342 2689 2572 2762 supra
2632 2689 2793 2737 mo-

636 2757 808 2833 dum
859 2760 1134 2848 auctis,
1196 2755 1460 2829 sedulo
1525 2757 1934 2833 cavendum
1998 2768 2135 2836 est.
2244 2762 2410 2833 Huc
2467 2761 2798 2859 pertinet

588 2912 593 2918 -
638 2853 986 2930 definitus
1036 2857 1600 2951 possessionum
1651 2856 1941 2948 modus,
1991 2881 2221 2956 supra
2272 2882 2486 2956 quem
2516 2855 2798 2930 babere

636 2953 912 3027 nemini
974 2948 1350 3045 liceat10),
1417 2958 1491 3024 et
1556 2955 1622 3025 si
1735 2957 1816 3026 ui
1875 2959 2074 3026 cives
2150 2980 2290 3051 pro
2347 2959 2464 3026 ter
2537 2957 2799 3025 nimias

641 3075 829 3148 opes
879 3043 1250 3145 aequabili
1300 3051 1622 3121 omnium
1672 2978 1999 3123 lilbertati
2050 3053 2310 3149 pericu
2338 3076 2459 3123 um
2521 3049 2799 3123 afferre

639 3143 1084 3331 ἶίειίῐῗέἔιίἓιᾞό
1113 3141 1374 3216 borum
1421 3147 1499 3217 in
1552 3142 1856 3246 aliquod
1907 3152 2201 3245 tempus
2251 3173 2298 3220 a
2347 3173 2431 3220 re
2498 3145 2801 3246 publica

685 3268 727 3317 e
1089 3291 1110 3314 .

777 3444 841 3513 3)
878 3447 1117 3499 Aristot.
1155 3446 1264 3514 IV,
1303 3446 1387 3513 12,
1424 3446 1474 3500 8.
1510 3448 1621 3516 VI,
1658 3448 1710 3514 ὅ,
1747 3448 1834 3504 10.

778 3531 844 3605 4)
883 3534 970 3587 ld.
1007 3534 1117 3601 IV,
1155 3533 1241 3599 11,
1281 3532 1329 3587 1.
1362 3534 1512 3588 Add.
1545 3537 1625 3602 11,
1661 3538 1715 3607 9,
1757 3538 1805 3596 4.

778 3621 844 3695 5)
881 3623 967 3676 ld.
1000 3622 1110 3688 IV,
1149 3621 1238 3683 12,
1275 3621 1329 3680 1.

783 3727 849 3802 6)
886 3727 974 3784 m.
1010 3729 1120 3795 vl,
1156 3729 1208 3796 1,
1242 3728 1295 3784 8.

785 3834 843 3903 7)
869 3834 1072 3912 Ἄρχων
1102 3831 1187 3892 τὸν
1217 3834 1395 3909 νόμον.
1467 3838 1556 3897 Id.
1592 3840 1701 3908 IV,
1737 3840 1792 3905 4,
1824 3841 1881 3896 3.

786 3939 852 4012 s)
886 3942 974 3996 Id.
1011 3943 1121 4009 vl,
1159 3943 1210 4011 1,
1245 3942 1298 3998 s.
1334 3943 1441 4013 nr,
1479 3945 1568 4013 13,
1604 3947 1657 4001 4.

784 4043 979 4117 9)(3ἰ.
1019 4069 1165 4121 quae
1202 4050 1356 4103 infra
1391 4052 1456 4102 Ρ.
1476 4052 1541 4104 V
1574 4072 1618 4104 c.
1639 4054 1674 4108 6
1704 4053 1775 4106 de
1791 4054 2224 4111 Atheniensium
2261 4055 2491 4110 iudiciis
2527 4055 2808 4110 dicentur.

793 4149 885 4223 10)
922 4158 1097 4210 Arist.
1137 4159 1213 4226 11,
1248 4158 1302 4226 4,
1340 4158 1392 4212 4.
1465 4159 1575 4227 VI,
1612 4161 1665 4229 2,
1702 4161 1755 4213 5.
1830 4161 1920 4215 Cf.
1962 4170 2018 4215 et
2056 4164 2352 4215 Kortuem.
2393 4181 2449 4233 p.
2490 4164 2576 4217 ll.

786 4258 884 4329 n)
924 4263 1099 4315 Arist·
1137 4262 1217 4331 V,
1255 4266 1305 4327 2,
1340 4264 1394 4318 4.
1435 4266 1488 4318 5.
1553 4268 1658 4335 III,
1696 4269 1745 4333 8,
1784 4270 1836 4322 2.
1903 4269 2083 4322 Lentu
2135 4270 2307 4337 digna
2356 4276 2444 4321 est
2482 4274 2653 4322 etiam
2718 4269 2814 4320 Ia-

650 4328 832 4385 cobsii
865 4335 1049 4387 oratio
1087 4332 1160 4387 de
1195 4338 1527 4391 ostracismo
1563 4340 1628 4391 in
1674 4358 1807 4418 opp.
1840 4343 2004 4396 misc.
2051 4340 2437 4410 (Va-mische«,
2483 4334 2810 4407 Schriften)
