3067 4975
640 357 699 430 I
708 355 786 428 V.
841 363 904 430 1.
951 356 1073 428 De
1125 354 1699 455 »Spartanorum
1747 380 1838 429 re
1870 355 2215 455 publica.
2374 359 2516 434 127

333 541 580 637 ipsum
628 539 858 611 minui
908 563 1223 613 necesse
1273 527 1441 612 erat
1462 538 1585 630 2¹).
1684 538 1786 612 Et
1833 565 1985 639 quo
2034 542 2279 615 minus
2329 539 2522 640 legi·

333 641 563 710 timos
609 639 1012 733 potestatis
1064 638 1425 708 terminos
1458 633 2116 730 obliviscerentur,
2177 642 2342 713 iure
2403 644 2517 713 iu·

226 740 236 749 ’
334 731 579 808 raudo
659 740 844 833 quot
920 730 1301 805 mensibus
1364 730 2042 830 obstringebantur
2115 732 2238 813 ab,
2284 735 2519 834 epho-

334 833 446 904 ris
471 830 611 922 2²),
683 855 889 902 nono
974 833 1221 902 autem
1299 855 1599 930 quoque
1662 855 1864 904 anno
1945 829 2059 903 his
2136 831 2231 906 de
2299 832 2517 906 coelo

337 950 645 1002 servare
691 929 812 999 ius
864 932 1055 1019 erat,
1108 929 1462 1001 essentne
1511 952 1740 1023 reges
1789 932 1866 999 in
1913 931 2229 1026 imperio
2293 929 2518 1003 reliu-

340 1019 617 1124 quendi
663 1049 759 1095 an
810 1021 1208 1097 amovendi
1234 1023 1355 1115 2³).
1457 1024 1727 1097 Cultus
1795 1049 2064 1123 regum
2123 1025 2254 1098 tali
2301 1033 2524 1124 pote-

337 1121 515 1199 stati
566 1125 1122 1194 consentaneus
1173 1119 1242 1199 h.
1298 1146 1365 1194 e.
1415 1147 1571 1193 non
1619 1146 2088 1220 magnopere
2137 1121 2340 1197 ultra
2368 1125 2522 1221 pri-

337 1219 685 1291 vatorum
713 1216 1010 1291 modum
1028 1217 1153 1314 24).
1202 1217 1690 1292 Domioilium
1715 1223 2021 1319 antiqua
2047 1220 2524 1319 simplicitate

340 1312 812 1388 aeditieatum
869 1318 947 1389 et
992 1318 1440 1389 instructum
1468 1317 1609 1408 2⁵),
1661 1319 1900 1389 victus
1931 1314 2024 1391 de
2055 1315 2361 1415 publico
2388 1314 2523 1390 da·
2609 1402 2616 1411 ,

337 1415 463 1485 tus
512 1415 591 1485 in
642 1410 1158 1486 communibus
1209 1416 1477 1486 eivium
1527 1414 2006 1512 syssitiisffi),
2068 1413 2357 1489 reditus
2422 1438 2526 1487 ex

341 1512 553 1608 agris
631 1512 708 1580 in
783 1514 1312 1608 perioeeorum
1383 1508 1832 1608 regionibus
1910 1513 2099 1584 satis
2170 1511 2355 1584 lauti
2379 1511 2524 1606 27),

341 1613 741 1705 praeterea
807 1611 1271 1681 victimarum
1338 1611 1664 1682 omnium
1711 1614 1971 1706 partes
1996 1609 2124 1699 2⁸),
2185 1615 2263 1682 et
2323 1607 2523 1681 suilli

340 1709 645 1802 pecoris·
674 1706 1047 1803 primitiae
1072 1707 1205 1797 29),
1257 1704 1472 1780 loeus
1519 1707 1597 1778 in
1650 1708 1852 1778 omni
1902 1708 2526 1805 consessu‘prin-

343 1825 561 1901 ceps,
642 1804 720 1875 et
779 1806 866 1875 ut
939 1800 1367 1879 advenienti
1440 1806 1611 1901 regi
1686 1802 2196 1901 adsurgerent
2266 1827 2529 1877 omnes

338 1900 651 1996 praeter
698 1898 1162 1996 ephoros30).
1242 1903 1585 1974 Mortuis
1623 1902 1872 1973 autem
1902 1898 2233 1974 honores
2266 1902 2533 1973 summi

345 2002 421 2069 et
468 2022 711 2094 paene
760 2000 935 2094 plus
987 1994 1209 2097 quam
1260 1997 1563 2071 humani
1612 1994 1892 2090 habiti,
1941 1995 2339 2144 luetuscgue
2387 2022 2530 2096 pu-

341 2089 589 2168 blicus
639 2096 718 2167 et
765 2093 1024 2169 decem
1077 2094 1367 2170 dierum
1414 2096 1782 2169 iustitium
1832 2092 2189 2173 indictum
2249 2095 2335 2194 ¹).

541 2375 985 2478 Sequuntur
1049 2275 1364 2477 ephori§,·
1398 2263 1626 2478 {ig-s
1657 2375 1790 2454 alii
1836 2404 1882 2450 a
1944 2378 2341 2480 Lycurgo,
2405 2373 2535 2450 alii

343 2472 833 2575 ..Theopompi
896 2473 1189 2550 demum
1251 2476 1506 2550 aetate
1576 2474 2418 2576 institutos'perhibent
2447 2474 2533 2575 ¹).

490 2678 593 2752 21)
629 2686 812 2739 Arist.
845 2682 1023 2737 Polit.
1056 2683 1134 2752 11,
1171 2684 1223 2753 6,
1260 2686 1351 2739 20.

494 2768 596 2842 22)
631 2772 902 2846 Xenoph.
943 2771 1017 2826 de
1053 2792 1098 2825 r.
1136 2794 1194 2846 p.
1230 2773 1298 2827 L.
1336 2773 1463 2827 XV
1497 2769 1719 2842 (xm),
1757 2774 1791 2827 7
1828 2773 1967 2848 ibiq.
2001 2774 2181 2827 Hane.
2215 2792 2271 2845 Ρ.
2305 2772 2429 2827 257.

489 2857 593 2931 23)
630 2861 785 2915 Plut.
819 2861 995 2932 Agid.
1034 2882 1081 2917 ο.
1118 2864 1206 2916 ll.
1245 2862 1319 2915 ef.
1358 2860 1630 2916 Mueller.
1670 2864 1815 2916 Dor·
1847 2864 1910 2917 11
1943 2881 2002 2934 Ρ.
2038 2864 2165 2917 100.

494 2945 596 3019 24)
632 2952 790 3004 Xen.
828 2949 869 3005 l.
904 2950 944 3005 l.
981 2947 1034 3024 §.
1071 2951 1123 3006 8.
1194 3003 1205 3012 .

497 3035 599 3109 25)
635 3040 720 3094 Ιιί.
754 3044 934 3109 Ages.
974 3060 1024 3094 ο.
1062 3040 1116 3094 8.
1156 3041 1334 3093 Corn.
1370 3040 1524 3112 Nep.
1561 3042 1740 3110 Ages.
1780 3058 1830 3097 ο.
1869 3040 1923 3093 7.
1993 3039 2065 3094 In
2102 3038 2299 3094 eadem
2342 3039 2541 3093 ambos

352 3109 522 3178 domo
560 3112 880 3180 habitasse,
930 3112 1088 3184 quod
1122 3114 1331 3166 Mauso
1367 3114 1481 3182 111,
1526 3114 1565 3167 3
1611 3133 1666 3185 p.
1700 3112 1810 3165 330
1847 3119 1907 3165 et
1940 3110 2215 3165 Mueller.
2251 3114 2311 3167 11
2341 3132 2396 3184 p.
2434 3111 2539 3167 107

351 3202 385 3235 e
420 3181 693 3256 Xenoph.
729 3183 888 3237 nell.
925 3185 1006 3253 V,
1041 3187 1095 3249 3,
1131 3186 1202 3239 20
1239 3183 1617 3254 collegerunt,
1656 3202 1730 3237 ex
1763 3181 1879 3235 hoo
1916 3189 2071 3238 certe
2105 3182 2238 3238 loeo
2262 3183 2539 3240 non‘eou-

352 3257 629 3327 sequitur.
699 3255 840 3308 vid.
879 3264 1002 3309 not.
1040 3275 1125 3328 sq.

496 3359 598 3431 26)
636 3362 854 3416 Herod.
893 3364 1002 3431 VI,
1039 3364 1130 3417 57.
1166 3360 1441 3435 Xenopb.
1481 3362 1636 3415 der.
1671 3380 1729 3433 p.
1767 3358 1837 3413 Ia.
1873 3359 2000 3413 XV
2049 3356 2289 3432 (xm),
2334 3363 2398 3429 4,
2444 3361 2546 3416 ubi

353 3431 543 3500 σκῆνην
581 3433 652 3486 de
691 3434 1008 3488 coenaculo
1043 3441 1201 3488 reete
1236 3438 1648 3506 iuterpretatur
1686 3433 1862 3485 fleas.
1900 3451 1959 3502 Ρ.
1996 3433 2124 3499 253,
2164 3443 2337 3508 atque
2374 3436 2545 3487 etiam

356 3504 601 3558 alterum
639 3506 832 3560 loeum
853 3508 930 3573 V,
968 3508 1022 3574 3,
1059 3508 1147 3574 20,
1183 3507 1480 3573 συσκηνοῦσι
1509 3505 1735 3575 βασιλεῖς
1762 3506 1819 3557 ἐν
1852 3504 1925 3577 τῷ
1956 3504 2111 3576 αὐτῷ,
2148 3525 2269 3560 non
2295 3506 2367 3559 de
2387 3524 2544 3559 eom·

355 3580 517 3630 muni
553 3577 842 3632 domicilio
880 3578 985 3631 sed
1023 3577 1096 3632 de
1131 3596 1330 3631 mensa
1366 3580 1655 3631 communi
1694 3577 1919 3649 accipit.
1955 3576 2030 3632 cf.
2052 3577 2124 3630 de
2150 3598 2198 3632 r.
2216 3597 2272 3649 Ρ.
2296 3578 2364 3633 Ia.
2389 3578 2469 3641 V,
2488 3580 2544 3632 2.

494 3683 591 3751 27)
627 3685 894 3758 xenoph.
930 3684 975 3737 ιε
1008 3684 1048 3737 1.
1084 3684 1211 3739 xv
1249 3682 1471 3753 (xm),
1509 3687 1565 3739 3.

501 3790 598 3858 28)
638 3792 812 3846 Certe
860 3811 1056 3848 earum
1102 3810 1250 3863 quae
1299 3796 1361 3845 in
1407 3791 1654 3864 puhlicis
1700 3791 1878 3844 saeris
1937 3798 2038 3843 aut
2081 3792 2144 3843 in
2207 3789 2366 3844 bello
2435 3810 2542 3863 pro
2649 3806 2653 3808 ’

358 3864 617 3916 exercitu
652 3865 1072 3919 mactabantur·
1144 3864 1364 3919 Herod.
1405 3866 1514 3933 VI,
1551 3864 1639 3919 56.
1676 3863 1765 3917 57.
1805 3863 1965 3916 Xen.
2003 3863 2038 3914 Ι.
2075 3861 2116 3916 l.

501 3970 595 4039 29)
629 3970 905 4044 xenoph.
943 3970 986 4026 1.
1022 3971 1065 4027 1.
1207 3949 1211 3955 ’

498 4076 601 4148 30)
641 4078 925 4131 Herodot.
965 4080 1070 4147 VI,
1110 4078 1199 4135 57.
1234 4061 1500 4149 Xenoph.
1536 4076 1580 4130 l.
1618 4076 1658 4129 l.
1701 4082 1760 4130 et
1794 4073 1846 4148 ἕ.
1886 4077 1937 4131 6.

497 4184 603 4253 31)
641 4185 925 4240 Herotiot.
961 4184 1001 4240 l.
1038 4184 1078 4240 l.
1121 4204 1168 4239 c.
1204 4186 1292 4243 58.
1330 4183 1601 4259 Xenoph.
1642 4184 1680 4242 l.
1719 4183 1758 4239 l.
1796 4181 1846 4256 ξ.
1882 4184 1937 4238 9.
1974 4182 2207 4239 Hellen.
2232 4184 2337 4252 111,
2372 4184 2428 4249 3,
2467 4184 2517 4239 1.

502 4289 567 4358 l)
605 4293 942 4364 ALyeurgo
963 4292 1237 4359 Herod.1‚
1274 4292 1361 4348 65.
1415 4295 1565 4348 Plat.
1606 4296 1768 4366 epist.
1809 4293 1862 4347 8.
1904 4292 2171 4366 Xeutzph.
2214 4291 2286 4345 ‹le
2323 4311 2368 4341 r.
2401 4310 2455 4362 p·
2478 4288 2548 4348 Ῑι.

357 4366 414 4432 8,
448 4366 503 4420 3.
559 4365 804 4435 Satyrus
845 4385 933 4437 ap.
971 4366 1146 4433 Dios.
1182 4365 1372 4419 Laert.
1415 4368 1460 4433 1,
1497 4368 1553 4435 3,
1596 4367 1625 4420 1
1662 4387 1715 4441 p.
1748 4366 1823 4421 45
1857 4366 2098 4428 Huebn.
2130 4363 2546 4420 sicbaeoeerm
