3067 4975
794 404 870 478 V.
920 405 1043 480 De
1089 429 1178 478 re
1213 404 1531 506 publica
1578 406 2171 483 Atheniensium.
2414 407 2558 481 165

384 581 632 658 tribus
685 584 966 660 div-isus
1033 593 1184 678 est,
1234 579 1667 678 Geleonfae,
1718 587 2109 688 Hopletes‚
2159 585 2553 685 Argaden-

389 707 551 775 sm,
629 687 1221 781 Aegicorenses3
1302 708 1498 784 quae
1572 688 1874 757 nomina
1953 710 2173 785 quum
2247 692 2554 782 praeter

390 805 616 853 unum
693 785 944 853 omnia
1013 777 1412 853 manifesto
1487 783 1685 854 vitae
1762 807 2054 881 genera
2134 782 2556 878 designent,

390 873 716 950 dubitari
782 884 1232 951 tamennon
1280 898 1510 974 posse
1560 876 1893 970 videtur,
1959 882 2135 979 quin
2189 877 2373 951 haec
2424 881 2554 951 tri-

383 968 616 1047 buum
667 970 1076 1071 descriptio
1129 976 1353 1047 etiam
1404 972 1497 1046 ad
1550 973 1836 1048 sedium
1889 979 1966 1049 et
2002 980 2397 1073 regionum
2431 1000 2554 1046 ra-

384 1071 669 1143 tionem
696 1069 1261 1142 accommodata
1286 1068 1538 1143 fuerit.
1613 1072 1805 1145 Nam
1861 1098 2081 1172 quum
2133 1076 2300 1170 ipsa
2350 1078 2556 1144 terra

385 1168 634 1240 Attica
701 1170 852 1240 situ
912 1170 990 1239 et
1053 1166 1193 1240 soli
1254 1171 1528 1241 natura
1589 1171 1661 1240 in
1728 1175 2086 1270 quattuor
2137 1176 2393 1268 partes
2444 1166 2556 1240 di-

387 1266 550 1337 visa
598 1266 721 1355 sit,
770 1267 927 1336 tum
975 1266 1430 1362 regionatim
1476 1263 1836 1363 populum
1885 1270 1958 1338 in
1988 1264 2233 1339 tribus
2269 1264 2556 1338 descri-

386 1365 596 1458 ptum
646 1361 878 1435 fuisse
931 1365 1152 1435 etiam
1207 1357 1602 1435 fabulosae
1656 1361 1749 1436 de
1796 1360 2150 1436 tribubus
2190 1365 2377 1436 lone
2429 1387 2557 1434 an-

385 1457 838 1558 tiquioribus
912 1460 1393 1532 narrationes
1472 1456 1697 1533 fidem
1778 1459 2061 1533 faciunt
2085 1462 2169 1546 3).
2227 1502 2232 1509 ·
2290 1461 2556 1558 ltaque

389 1579 617 1656 quum,
663 1561 737 1629 iu
787 1581 936 1628 una
984 1559 1280 1629 Atticae
1330 1563 1549 1654 parte
1587 1555 1886 1656 plurimi
1921 1562 2179 1630 essent
2224 1560 2559 1648 αῖγικορετς

388 1658 423 1748 (
483 1655 820 1748 astores)
885 1656 960 1726 in
1027 1650 1175 1725 alia
1232 1650 1530 1751 plurimi
1580 1656 1889 1744 ἅργαδετς
1959 1652 2414 1748 (agricolae)
2481 1657 2558 1727 in

387 1753 535 1824 aia
594 1749 893 1850 plurimi
955 1753 1245 1839 ὅπλητες,
1322 1775 1517 1869 quos
1594 1748 1995 1848 probabile
2078 1754 2196 1822 θεῖ
2265 1746 2559 1825 nobiles

385 1846 637 1922 fuisse.
673 1846 1104 1920 Hellenicae
1150 1848 1432 1944 gentis,
1483 1873 1676 1948 quae
1725 1873 1892 1920 cum
1921 1846 2184 1922 Xutho
2236 1845 2557 1945 advene-

390 1950 516 2019 rat
541 1945 638 2041 4),
704 1949 780 2023 in
831 1942 977 2017 alia
1027 1942 1345 2045 denique
1395 1942 1694 2043 plurimi
1740 1949 2079 2031 γελέοπες,
2128 1970 2319 2046 quos
2368 1944 2560 2018 indi-

389 2068 757 2141 genarum
809 2039 1102 2141 nobiles
1132 2066 1302 2115 esse
1337 2040 1785 2116 crediderim
1814 2041 1907 2139 ⁵),
1968 2041 2137 2115 binc
2175 2067 2561 2144 unaquae-

391 2284 568 2338 sterh.
628 2287 702 2340 ad
757 2285 1053 2358 Aristoph·
1108 2286 1268 2341 Plut.
1323 2287 1446 2342 772.
1494 2312 1569 2326 —
1644 2284 1976 2339 Lohockius
2020 2286 2304 2361 Aglaopb.
2353 2308 2409 2361 p.
2457 2289 2564 2343 215

390 2357 721 2413 Eleusinem
774 2378 849 2412 ne
900 2359 1134 2411 Solonis
1182 2358 1413 2432 quidem
1449 2358 1804 2428 temporibus
1841 2356 2279 2412 Atheniensium
2320 2362 2558 2433 imperio

392 2429 704 2484 subiectam
751 2431 929 2484 fuisse
976 2433 1204 2495 statuit,
1251 2437 1484 2502 propter
1534 2427 1753 2481 bellum
1800 2431 2115 2501 utrimque,
2171 2442 2236 2483 ut
2275 2434 2385 2500 ait,
2432 2451 2561 2485 cum

391 2522 600 2573 magna
650 2507 707 2556 vi
744 2515 989 2570 gestum.
1038 2503 1156 2556 Sed
1210 2521 1375 2575 quem
1426 2500 1597 2575 huius
1634 2503 1718 2553 rei
1758 2511 1958 2554 testem
2000 2505 2154 2569 citat,
2188 2504 2472 2558 Herodot.
2511 2507 2563 2573 1,

391 2577 480 2642 30,
522 2576 663 2629 nibil
706 2578 813 2628 nisi
851 2594 1098 2647 pugnam
1148 2576 1210 2626 in
1248 2593 1386 2642 agro
1425 2570 1725 2626 Eleusinio
1764 2572 1836 2625 ab
1873 2572 2324 2627 Atheniensibus
2364 2585 2565 2630 contra

390 2650 615 2701 vicinos
653 2651 1006 2700 commissam
1044 2653 1350 2699 memorata
1384 2647 1611 2697 vicinos
1646 2643 1780 2697 illos
1816 2656 1877 2697 ut
1914 2644 2243 2699 Eleusinios
2268 2648 2565 2703 credamus

391 2719 554 2772 nulla
591 2726 678 2773 est
713 2722 880 2783 ratio,
917 2726 975 2770 et
1011 2736 1188 2789 prope
1224 2727 1439 2770 certum
1480 2723 1569 2769 est
1603 2717 1976 2785 Megarenses
1998 2716 2189 2771 fuisse.
2221 2719 2565 2773 vid-Muel-

392 2791 495 2844 ler.
530 2793 675 2844 Dor.
716 2792 746 2843 l
783 2811 839 2861 p.
896 2791 1015 2856 176,
1066 2793 1156 2842 cui
1196 2791 1365 2842 etiam
1402 2790 1526 2858 ipse
1563 2787 1815 2841 Lobeclt.
1856 2789 2121 2841 concedit
2158 2808 2213 2861 p.
2254 2791 2413 2844 1351.
2486 2794 2564 2845 Et

338 2863 341 2864 ⁷
396 2871 623 2916 constat
658 2881 823 2914 sacra
869 2861 1168 2914 Eleusinia
1210 2862 1320 2914 iam
1356 2867 1495 2912 ante
1532 2858 1807 2911 deductas
1844 2862 1903 2911 in
1939 2861 2157 2914 Ioniam
2196 2862 2453 2915 colonias
2491 2863 2563 2916 ab

393 2934 844 2990 Atheniensibus
899 2940 1132 3005 accepta
1181 2949 1325 2985 esse.
1377 2930 1466 2985 ef.
1503 2930 1762 2982 Boeckh.
1798 2950 2033 3001 prooem
2073 2933 2190 2987 ind.
2227 2932 2384 2987 lectt.
2423 2942 2563 2990 aest.

396 3009 553 3061 1831.
627 3007 691 3058 C.
732 3008 795 3058 F.
835 3006 1144 3061 Hermann.
1181 3007 1242 3056 in
1275 3004 1440 3056 Diar.
1476 3000 1661 3055 schol.
1694 3003 1833 3057 1⁸33
1868 3005 1927 3055 11
1961 3023 2018 3074 p.
2057 3005 2146 3057 60.

535 3128 597 3196 3)
639 3131 931 3201 Cecropis,
968 3125 1365 3194 Autochtbon‚
1399 3127 1640 3191 Actaea,
1678 3126 1910 3180 Paralia
1933 3145 1968 3179 a
1995 3129 2269 3200 Cecrope,
2306 3129 2566 3195 (irensis,

396 3199 614 3267 Atthis,
664 3204 1005 3268 Mesogeion,
1053 3201 1278 3253 Diacris
1324 3217 1358 3250 a
1403 3198 1635 3251 cranao
1686 3197 1869 3250 tribus
1918 3199 2235 3269 appellatae
2283 3200 2567 3254 dicuntur.

398 3273 550 3327 Poll.
594 3275 754 3336 vul,
800 3273 898 3325 109
937 3279 995 3325 et
1031 3270 1131 3323 all.
1168 3290 1256 3341 ap.
1295 3271 1513 3323 Meurs.
1554 3269 1626 3321 de
1663 3288 1822 3337 regn.
1849 3272 1969 3322 Att.
2011 3271 2060 3337 l,
2100 3272 2149 3324 7.
2187 3272 2334 3324 Add.
2360 3272 2564 3344 Steph.

398 3349 544 3415 Byz.
597 3364 649 3415 p.
696 3347 803 3397 538
855 3342 1083 3396 Pined.=
1130 3341 1323 3405 πεδιάς,
1360 3337 1490 3410 qva»)
1520 3339 1608 3406 τῖς
1636 3339 1851 3407 Ἀττικῆς.
1893 3343 2028 3392 item
2066 3346 2288 3416 Αιακρία
2326 3347 2397 3396 ab
2437 3345 2563 3398 eod.

398 3437 450 3489 p.
488 3417 592 3470 235
628 3416 757 3484 φυλή
797 3416 1020 3468 dicitur.
1092 3415 1181 3466 De
1218 3412 1306 3465 his
1344 3419 1401 3465 et
1439 3412 1510 3466 de
1549 3413 1776 3476 Diadis,
1814 3412 2184 3479 Athenaidis,
2221 3417 2565 3470 Posidonia-

399 3489 504 3555 dis‚
555 3486 995 3558 Hephaestiadis
1043 3485 1371 3539 nominibus
1421 3483 1494 3538 cf.
1535 3483 1607 3536 dc
1644 3486 1858 3537 comitt.
1895 3484 2035 3539 Atia.
2075 3505 2129 3557 p.
2169 3487 2218 3539 7.
2256 3489 2457 3541 Meier.
2493 3488 2566 3541 de

398 3567 554 3630 gent.
603 3564 706 3612 Att
767 3579 825 3629 p.
874 3560 928 3613 3.
977 3558 1239 3610 Fuerunt
1277 3563 1464 3609 autem
1504 3557 1602 3628 qui
1639 3557 1697 3609 in
1739 3559 2039 3625 postremis
2076 3565 2344 3629 quattuor
2380 3563 2563 3612 nomi·

397 3632 569 3686 nibus
607 3632 873 3683 indicium
910 3629 1021 3682 sibi
1060 3625 1488 3699 deprehendere
1526 3627 1859 3680 viderentur
1889 3631 2176 3684 variarum
2204 3628 2563 3700 religionum,

402 3721 575 3775 quum
623 3700 776 3753 aliud
825 3700 895 3753 ab
947 3698 1061 3753 alia
1095 3707 1258 3772 parte
1292 3698 1490 3771 populi
1528 3717 1739 3752 numen
1774 3702 2084 3772 praecipue
2117 3699 2332 3754 cultum
2367 3703 2563 3756 crede-

400 3781 549 3829 rent.
588 3773 727 3826 Vid.
764 3773 1078 3825 Hermann.
1115 3774 1256 3825 Ant.
1296 3774 1396 3828 Gr.
1434 3766 1483 3841 ᾖ.
1520 3770 1609 3824 93.

539 3875 606 3949 4)
643 3878 735 3932 cf.
772 3877 843 3930 de
881 3877 1098 3931 comitt.
1134 3874 1273 3934 Atb.
1309 3894 1366 3947 p.
1387 3876 1495 3930 358
1528 3881 1653 3930 not.
1676 3876 1766 3933 32.

544 3981 609 4054 5>
645 3985 786 4038 Non
831 3988 1055 4036 constat
1100 3983 1171 4035 de
1208 3981 1380 4037 huius
1417 3984 1666 4036 nominis
1702 4000 1842 4035 vera
1876 3981 2061 4035 forma
2098 3984 2304 4038 nedum
2343 3986 2413 4040 de
2449 3990 2563 4057 sig-

403 4057 750 4112 nificatione.
824 4055 942 4108 Sed
991 4056 1244 4112 Γελέοντες
1289 4073 1484 4108 verum
1538 4073 1693 4121 esse,
1742 4054 1897 4127 quod
1946 4057 2054 4107 iam
2105 4057 2237 4110 olim
2277 4061 2450 4111 statui
2488 4060 2559 4112 de

405 4131 617 4183 comitt.
672 4148 718 4200 p.
767 4129 891 4190 354,
938 4145 1093 4178 nunc
1139 4145 1368 4199 quoque
1418 4126 1590 4178 credo
1628 4144 1753 4178 cum
1794 4127 1867 4179 G.
1906 4127 2234 4182 Hermanno
2269 4129 2448 4201 praef.
2486 4133 2561 4185 ad

401 4201 543 4256 Bur.
584 4201 710 4252 lon.
747 4219 802 4269 p.
844 4199 1053 4252 xxm
1075 4199 1389 4252 -XXVL
1429 4199 1551 4260 Qui
1588 4197 1866 4251 Τελεόντων
1887 4216 2094 4251 nomen
2116 4219 2311 4252 verum
2335 4208 2560 4271 putant,

405 4273 504 4326 alii
544 4271 785 4325 colonos
823 4271 1171 4335 tributarios,
1211 4269 1308 4322 alii
1344 4269 1674 4322 sacerdotes
1710 4270 2022 4336 significari
2044 4271 2267 4324 volunt.
2303 4275 2557 4327 Boeckb.

402 4346 669 4397 Prooem.
708 4341 1097 4394 lectt.-Berol.
1134 4348 1272 4394 aest.
1312 4342 1465 4396 1812.
1501 4338 1591 4406 (et
1625 4342 1686 4392 in
1723 4340 1973 4396 Seebod.
2012 4342 2251 4397 ArcbiV.
2293 4343 2446 4401 1828.
2487 4347 2561 4400 11.

350 4428 355 4431 ’
409 4435 467 4486 p.
500 4410 617 4484 50.)
665 4413 937 4467 Mueller.
978 4412 1251 4466 Orchom.
1298 4432 1354 4484 p.
1388 4412 1514 4467 3⁰7.
1549 4411 1624 4464 de
1658 4428 1804 4465 sacr.
1838 4414 2089 4470 Minerv.
2124 4413 2348 4467 Polias.
2380 4436 2435 4486 p.
2476 4418 2561 4472 12.
