3067 4975
909 412 985 518 4.
1032 415 1154 487 De
1201 410 1520 486 oraculo
1567 410 1959 512 Dema-0.
2129 521 2135 532 Ι
2364 373 2552 480 391Δ

337 592 761 694 coniunctis
788 574 1096 668 ‘viribus
1145 592 1720 693 perpetrarunt‚'
1779 581 2061 667 bellum
2119 594 2513 671 Persicum
2604 675 2607 680 ,

336 689 770 786 secundum,
817 690 966 765 hoc
1014 717 1162 793 quo
1213 689 1496 764 maiore
1547 693 1794 764 animo
1825 690 1904 762 et
1950 688 2226 765 fiducia
2275 696 2516 766 susci·

332 793 645 887 peretur
718 814 874 861 non
946 787 1427 861 mediocriter
1491 786 1691 861 haud
1760 784 1985 879 dubie
2049 789 2340 879 oraculi
2386 816 2510 864 re-

338 909 622 983 spousa
675 884 1090 959 effecerunt
1114 888 1205 975 ⁹).
1307 886 1585 957 Verum
1639 887 1889 956 tamen
1935 881 2037 956 ad
2088 885 2514 959 coercenda

337 985 474 1053 ant
516 980 994 1079 reprimenda
1025 982 1490 1054 Graecorum
1541 984 1741 1055 inter
1770 984 1983 1079 ipsos
2014 979 2511 1079 hellaparum

337 1080 542 1151 omni
590 1083 942 1178 tempore¹
985 1081 1146 1151 eius
1211 1080 1624 1151 auctoritas
1686 1076 1934 1150 valuit.
2040 1079 2513 1178 Quamquam

339 1178 533 1248 enim
593 1181 773 1248 non'
806 1173 1030 1274 plane
1092 1173 1364 1248 desunt
1427 1173 1797 1272 exempla,
1826 1199 2017 1274 quae
2070 1177 2515 1251 controver-

337 1262 491 1345 sias
554 1273 937 1345 civitatum
986 1271 1291 1346 ‘oraculi
1350 1296 1729 1370 responso
1803 1283 2336 1372 nonnunquam
2397 1269 2513 1347 di-

337 1370 669 1467 remptas
739 1394 908 1444 esse
970 1367 1450 1463 doceantw),
1510 1365 1742 1443 fiebat
1798 1369 2048 1443 tamen
2113 1368 2257 1442 hoc
2306 1368 2511 1446 haud

340 1462 564 1539 dubie
615 1468 1040 1560 rarissime,
1095 1468 1173 1541 et
1221 1464 1608 1566 aliquanto
1648 1464 1872 1566 plura
1922 1467 2099 1538 sunt
2147 1471 2512 1543 contrarii
2559 1459 2566 1474 ³

335 1565 668 1659 generis,
720 1588 909 1663 quae
959 1589 1111 1636 nou
1168 1560 1647 1637 dehortatum
1710 1559 1805 1637 ah
1869 1562 2234 1636 eiusmodi
2283 1563 2508 1639 hellis

343 1654 730 1732 oraculum
784 1686 953 1735 esse
1007 1659 1661 1752 demonstrent¹¹).
1807 1659 2320 1762 Posteaquam
2372 1660 2508 1736 au'-

338 1761 514 1850 tem,
561 1758 882 1831 maxime
932 1756 1108 1832 inde
1158 1755 1459 1850 adhello
1510 1756 2193 1857 Peloponnesiaco,
2258 1764 2502 1834 omnis

336 1852 657 1926 Graecia
703 1858 783 1927 in
836 1851 1025 1927 duas
1077 1857 1289 1955 quasi
1346 1853 1725 1928 factiones
1786 1858 2106 1929 maxim'e
2168 1859 2367 1929 inter
2416 1884 2503 1933 se

194 2031 209 2046 N
330 1948 669 2024 infensas
719 1948 1094 2048 discerpta
1165 1953 1307 2043 est,
1383 1950 1498 2024 his
1559 1954 1772 2025 ‘inter
1852 1977 1936 2026 se
2010 1952 2505 2049 conciliandis

331 2071 487 2120 non
558 2046 785 2120 modo
862 2046 1045 2121 nihil
1117 2046 1409 2148 profuit
1479 2048 1920 2143 oraculum,
1994 2049 2130 2123 sed
2203 2049 2513 2126 favebat
2615 2067 2620 2076 ⁴

333 2148 554 2217 etiam
644 2141 841 2218 haud
931 2141 1286 2244 ambigue
1362 2144 1921 2243 Spartanorum
1989 2144 2336 2245 partibus
2380 2150 2507 2248 ¹²),

329 2239 532 2315 unde
581 2267 733 2314 nou
790 2245 1050 2315 mirum
1102 2244 1627 2318 auctoritatem
1680 2246 1843 2317 eius
1892 2242 2092 2342 apud
2144 2242 2522 2319 adversa-·

332 2340 493 2410 rios
536 2364 1000 2437 magnopere
1061 2342 1519 2413 imminutam
1583 2366 1773 2420 esse.
1871 2344 2118 2443 Atque
2158 2339 2305 2415 hoc
2352 2367 2508 2417 ma·-

329 2438 455 2533 gis
520 2438 740 2510 etiam
806 2439 884 2511 et
946 2436 1147 2534 apud
1213 2464 1473 2530 omnes
1539 2434 1706 2511 fieri
1756 2464 2069 2512 necesse
2122 2444 2310 2532 erat,
2357 2465 2503 2539 po-

332 2534 722 2632 steaquam
773 2537 1079 2634 antiqua
1125 2537 1369 2634 pietas
1421 2536 1499 2609 et
1551 2533 1779 2609 divini
1809 2538 2133 2611 numinis
2180 2562 2501 2612 venera-

329 2630 439 2702 tio
488 2630 567 2703 in
617 2627 992 2717 hominum
1040 2635 1308 2706 animis
1357 2635 1616 2732 vigere
1679 2630 1937 2727 desiit,
1988 2641 2067 2709 et
2112 2634 2257 2733 ipsi
2314 2660 2504 2736 quo-

215 2735 217 2737 ’
327 2752 475 2826 que
524 2726 964 2805 sacerdotes
1012 2728 1360 2829 Delphici
1408 2756 1563 2804 non
1609 2733 1972 2809 immunes
2034 2757 2117 2805 se
2169 2735 2499 2806 commu-

328 2826 457 2915 nis¹
522 2824 998 2924 corruptelae
1078 2830 1299 2899 conta
1368 2830 1539 2901 ione
1625 2830 2185 2929 praestiterunt.
2301 2832 2498 2903 Nam

322 2920 507 2994 'olim
553 2920 1279 3023 quidem„quidquid
1361 2949 1601 2997 emum
1654 2924 1747 3000 de
1782 2951 1959 3000 vera
2010 2925 2493 3002 oraculorum

324 3022 603 3092 natura
650 3022 875 3121 atque
927 3025 1222 3118 origine
1283 3023 1726 3116 statuamus,
1794 3022 1941 3096 hoc
2015 3025 2221 3095 certe
2274 3022 2493 3097 dubi-

325 3117 471 3189 tari
523 3142 675 3189 non
724 3118 1004 3215 potest,
1139 3122 1268 3190 uin
1343 3119 1783 3193 sacerdotes
1852 3118 1959 3193 illi
2021 3144 2175 3192 non
2224 3118 2495 3223 fraude

318 3214 404 3288 et
470 3216 947 3314 imposturis,.
1006 3144 1143 3289 sed
1216 3218 1641 3307 sanctitate,
1724 3219 2133 3316 sapientia,
2205 3221 2495 3316 pietate

465 3488 524 3557 9)
558 3490 646 3546 cf.
680 3492 964 3548 Herodot.
1001 3492 1170 3562 vm,
1207 3493 1518 3558 Iao-143.
1556 3497 1678 3552 220.
1717 3495 1890 3564 vm,
1925 3495 2157 3553 36—39.
2195 3495 2493 3555 Plutarch.

320 3564 561 3618 Aristid.
597 3583 645 3618 ο.
685 3566 773 3620 11.
810 3592 874 3604 -
913 3567 1103 3623 Etiam
1141 3567 1317 3620 Jovis
1351 3566 1677 3622 Eleutherii
1712 3567 2013 3637 solemnia,
2052 3568 2124 3621 de
2150 3569 2357 3640 quihus
2392 3590 2494 3624 su-

359 3656 431 3764 εἰ
462 3655 514 3691 c.
552 3635 678 3762 ἐΰς.
714 3638 798 3706 10,
832 3639 870 3693 2
905 3638 1171 3707 diximus,
1210 3639 1432 3703 oraculi
1471 3642 1810 3727 auctoritate
1847 3642 2111 3695 instituta
2147 3648 2299 3695 sunt.
2335 3641 2490 3699 Plut.

469 3726 520 3763 c.
634 3742 651 3761 0

453 3813 548 3883 10)
586 3813 680 3869 Of.
714 3833 870 3889 supr.
908 3835 955 3871 c.
990 3817 1022 3870 l
1061 3814 1208 3887 §.z
1247 3815 1298 3871 7.

457 3920 559 3990 ιι)
600 3921 735 3977 vm.
774 3921 1180 3977 waehsmuth.
1218 3924 1268 3992 1,
1305 3924 1337 3979 1
1375 3944 1434 3995 p.
1474 3924 1577 3980 112
1620 3930 1742 3979 not.
1791 3923 1880 3980 74.
1951 3923 2168 3979 :uenam
2223 3888 2489 4001 olympi-

318 4011 446 4048 eum
486 3994 1010 4086 {qvis'oraculu‘xm
1047 3995 1148 4048 ubi
1183 3997 1399 4068 νόμινον
1423 3995 1538 4051 fuit
1569 3993 1646 4067 μὴ
1669 3994 2133 4122 χῖηστηριάζεσθαι
2176 3998 2286 4058 τυίς
2302 3999 2487 4070 Ἕλλη·

310 4082 411 4141 νας
438 4068 505 4136 ἐφ
551 4068 797 4134 Ελληνων
820 4069 1048 4138 πολεμφ.
1083 4067 1343 4143 Xenoph.
1380 4067 1615 4123 Hellen.
1649 4070 1712 4122 11
1741 4107 1763 4134 ,
1796 4070 1851 4133 2,
1888 4070 1977 4123 22.

320 4184 355 4251 ζ’
408 4184 415 4191 ’
453 4187 549 4267 12)
591 4190 853 4263 Thucyd.
892 4191 1098 4256 1,·118·
1137 4192 1261 4250 123.
1297 4193 1588 4249 Plutarch.
1628 4192 1701 4247 de
1739 4190 1907 4265 Pyth.
1947 4206 2103 4246 orac.
2142 4208 2189 4246 ο.
2234 4194 2316 4247 19.
2361 4197 2480 4250 Po-

307 4267 435 4314 stea
475 4269 661 4315 tamen
701 4266 1020 4318 intercessit
1059 4265 1369 4337 oraculum,
1407 4286 1482 4320 ne
1515 4264 1784 4322 Athenae
1839 4263 2171 4319 delerentur
2219 4261 2477 4335 (Aelian.

310 4334 386 4387 V.
420 4334 494 4386 Η.
529 4332 638 4402 IV,
675 4334 779 4402 6.),
816 4334 969 4408 quod
1014 4353 1136 4390 non
1188 4338 1364 4394 video
1402 4342 1518 4413 quo
1559 4339 1698 4393 *lure
1741 4337 1813 4393 al»
1860 4337 2216 4399 naumann«)
2261 4336 2300 4391 1.
2336 4335 2379 4393 l.
2414 4358 2475 4411 Ρ.
2534 4340 2537 4347 “

301 4408 359 4460 2·
391 4406 449 4461 3.
484 4407 548 4459 in
585 4406 821 4464 dubium
858 4413 1116 4464 vocetur.
1420 4415 1425 4419 ’
2051 4419 2057 4425 “
2107 4454 2112 4461 .
2211 4428 2226 4457 -·
2410 4442 2416 4448 -
