<?xml version="1.0" encoding="UTF-8"?>
<!DOCTYPE html PUBLIC "-//W3C//DTD XHTML 1.0 Transitional//EN"
    "http://www.w3.org/TR/xhtml1/DTD/xhtml1-transitional.dtd">
<html xmlns="http://www.w3.org/1999/xhtml" xml:lang="en" lang="en">
 <head>
  <title>
</title>
<meta http-equiv="Content-Type" content="text/html;charset=utf-8" />
  <meta name='ocr-system' content='tesseract 3.04.00' />
  <meta name='ocr-capabilities' content='ocr_page ocr_carea ocr_par ocr_line ocrx_word'/>
</head>
<body>
  <div class='ocr_page' id='page_1' title='image "antiquitatesiur00schgoog_0320.png"; bbox 0 0 3067 4975; ppageno 0'>
   <div class='ocr_carea' id='block_1_1' title="bbox 554 375 2464 512">
    <p class='ocr_par' dir='ltr' id='par_1_1' title="bbox 554 375 2464 512">
     <span class='ocr_line' id='line_1_1' title="bbox 554 375 2464 512; baseline -0.001 -26"><span class='ocrx_word' id='word_1_1' title='bbox 554 381 563 391; x_wconf 45' lang='grc'><strong>’</strong></span> <span class='ocrx_word' id='word_1_2' title='bbox 615 410 763 486; x_wconf 85' lang='grc'><strong>310</strong></span> <span class='ocrx_word' id='word_1_3' title='bbox 1019 412 1099 487; x_wconf 83' lang='lat' dir='ltr'><strong>V.</strong></span> <span class='ocrx_word' id='word_1_4' title='bbox 1147 413 1270 486; x_wconf 81' lang='lat' dir='ltr'><strong>De</strong></span> <span class='ocrx_word' id='word_1_5' title='bbox 1314 435 1405 485; x_wconf 80' lang='lat' dir='ltr'><strong>re</strong></span> <span class='ocrx_word' id='word_1_6' title='bbox 1439 407 1759 512; x_wconf 76' lang='lat' dir='ltr'><strong>publica</strong></span> <span class='ocrx_word' id='word_1_7' title='bbox 1806 408 2400 487; x_wconf 67' lang='lat' dir='ltr'><strong><em>Atheniensium.</em></strong></span> <span class='ocrx_word' id='word_1_8' title='bbox 2457 375 2464 379; x_wconf 91' lang='lat'><strong>.</strong></span> 
     </span>
    </p>
   </div>
   <div class='ocr_carea' id='block_1_2' title="bbox 532 589 2897 2832">
    <p class='ocr_par' dir='ltr' id='par_1_2' title="bbox 532 589 2897 2832">
     <span class='ocr_line' id='line_1_2' title="bbox 621 589 2792 687; baseline -0.001 -18"><span class='ocrx_word' id='word_1_9' title='bbox 621 620 817 687; x_wconf 86' lang='lat' dir='ltr'><strong>mus,</strong></span> <span class='ocrx_word' id='word_1_10' title='bbox 864 593 1152 669; x_wconf 84' lang='lat' dir='ltr'><strong>talenta</strong></span> <span class='ocrx_word' id='word_1_11' title='bbox 1202 592 1631 668; x_wconf 85' lang='lat' dir='ltr'><strong>efficiuntur</strong></span> <span class='ocrx_word' id='word_1_12' title='bbox 1680 613 1930 663; x_wconf 85' lang='lat' dir='ltr'><strong>annua</strong></span> <span class='ocrx_word' id='word_1_13' title='bbox 1977 593 2238 665; x_wconf 82' lang='lat' dir='ltr'><strong>vicena</strong></span> <span class='ocrx_word' id='word_1_14' title='bbox 2264 592 2362 687; x_wconf 75' lang='grc'><strong>6).</strong></span> <span class='ocrx_word' id='word_1_15' title='bbox 2458 589 2792 667; x_wconf 84' lang='lat' dir='ltr'><strong>Judicia-</strong></span> 
     </span>
     <span class='ocr_line' id='line_1_3' title="bbox 619 692 2793 784; baseline -0.001 -19"><span class='ocrx_word' id='word_1_16' title='bbox 619 692 712 766; x_wconf 87' lang='lat' dir='ltr'><strong>lis</strong></span> <span class='ocrx_word' id='word_1_17' title='bbox 742 692 1134 784; x_wconf 77' lang='lat' dir='ltr'><strong>mercedis,</strong></span> <span class='ocrx_word' id='word_1_18' title='bbox 1182 700 1299 760; x_wconf 82' lang='grc' dir='ltr'><strong>τοῦ</strong></span> <span class='ocrx_word' id='word_1_19' title='bbox 1341 694 1717 769; x_wconf 50' lang='lat' dir='ltr'><strong>&amp;mammosa</strong></span> <span class='ocrx_word' id='word_1_20' title='bbox 1767 714 2090 761; x_wconf 78' lang='lat' dir='ltr'><strong>annuam</strong></span> <span class='ocrx_word' id='word_1_21' title='bbox 2120 703 2474 761; x_wconf 86' lang='lat' dir='ltr'><strong>summam</strong></span> <span class='ocrx_word' id='word_1_22' title='bbox 2498 692 2793 764; x_wconf 85' lang='lat' dir='ltr'><strong>Aristo-</strong></span> 
     </span>
     <span class='ocr_line' id='line_1_4' title="bbox 618 784 2793 892; baseline -0.001 -29"><span class='ocrx_word' id='word_1_23' title='bbox 618 790 908 892; x_wconf 81' lang='lat' dir='ltr'><strong>phanes</strong></span> <span class='ocrx_word' id='word_1_24' title='bbox 960 788 1306 862; x_wconf 78' lang='lat' dir='ltr'><strong>consulto</strong></span> <span class='ocrx_word' id='word_1_25' title='bbox 1361 812 1591 887; x_wconf 86' lang='lat' dir='ltr'><strong>supra</strong></span> <span class='ocrx_word' id='word_1_26' title='bbox 1640 784 1938 858; x_wconf 90' lang='lat' dir='ltr'><strong>modum</strong></span> <span class='ocrx_word' id='word_1_27' title='bbox 1975 811 2465 884; x_wconf 78' lang='lat' dir='ltr'><strong>exaggerans</strong></span> <span class='ocrx_word' id='word_1_28' title='bbox 2501 794 2793 861; x_wconf 86' lang='lat' dir='ltr'><strong>centum</strong></span> 
     </span>
     <span class='ocr_line' id='line_1_5' title="bbox 672 885 2796 986; baseline -0 -27"><span class='ocrx_word' id='word_1_29' title='bbox 672 889 1164 986; x_wconf 83' lang='lat' dir='ltr'><strong>uinquaginta</strong></span> <span class='ocrx_word' id='word_1_30' title='bbox 1211 886 1515 960; x_wconf 83' lang='lat' dir='ltr'><strong>talentis</strong></span> <span class='ocrx_word' id='word_1_31' title='bbox 1564 887 1907 955; x_wconf 83' lang='lat' dir='ltr'><strong>aestimat</strong></span> <span class='ocrx_word' id='word_1_32' title='bbox 1931 885 2033 982; x_wconf 80' lang='lat'><strong>⁶):</strong></span> <span class='ocrx_word' id='word_1_33' title='bbox 2103 889 2351 957; x_wconf 87' lang='lat' dir='ltr'><strong>verius</strong></span> <span class='ocrx_word' id='word_1_34' title='bbox 2404 887 2796 983; x_wconf 84' lang='lat' dir='ltr'><strong>octoginta</strong></span> 
     </span>
     <span class='ocr_line' id='line_1_6' title="bbox 655 979 2795 1082; baseline 0 -26"><span class='ocrx_word' id='word_1_35' title='bbox 655 1011 783 1058; x_wconf 92' lang='lat' dir='ltr'><strong>ere</strong></span> <span class='ocrx_word' id='word_1_36' title='bbox 836 991 966 1057; x_wconf 84' lang='lat' dir='ltr'><strong>aut</strong></span> <span class='ocrx_word' id='word_1_37' title='bbox 1017 989 1237 1057; x_wconf 81' lang='lat' dir='ltr'><strong>etiam</strong></span> <span class='ocrx_word' id='word_1_38' title='bbox 1290 987 1586 1057; x_wconf 88' lang='lat' dir='ltr'><strong>centum</strong></span> <span class='ocrx_word' id='word_1_39' title='bbox 1638 979 1918 1054; x_wconf 78' lang='lat' dir='ltr'><strong>talenta</strong></span> <span class='ocrx_word' id='word_1_40' title='bbox 1968 984 2145 1080; x_wconf 91' lang='lat' dir='ltr'><strong>poni</strong></span> <span class='ocrx_word' id='word_1_41' title='bbox 2177 988 2521 1081; x_wconf 81' lang='lat' dir='ltr'><strong>possunt,</strong></span> <span class='ocrx_word' id='word_1_42' title='bbox 2575 1007 2795 1082; x_wconf 86' lang='lat' dir='ltr'><strong>quum</strong></span> 
     </span>
     <span class='ocr_line' id='line_1_7' title="bbox 617 1079 2795 1183; baseline 0 -30"><span class='ocrx_word' id='word_1_43' title='bbox 617 1103 892 1183; x_wconf 79' lang='lat' dir='ltr'><strong>neque,</strong></span> <span class='ocrx_word' id='word_1_44' title='bbox 957 1079 1155 1180; x_wconf 86' lang='lat' dir='ltr'><strong>quod</strong></span> <span class='ocrx_word' id='word_1_45' title='bbox 1208 1080 1332 1156; x_wconf 82' lang='lat' dir='ltr'><strong>ille</strong></span> <span class='ocrx_word' id='word_1_46' title='bbox 1383 1081 1722 1176; x_wconf 76' lang='lat' dir='ltr'><strong>sumpsit,</strong></span> <span class='ocrx_word' id='word_1_47' title='bbox 1782 1081 2136 1151; x_wconf 79' lang='lat' dir='ltr'><strong>trecentis</strong></span> <span class='ocrx_word' id='word_1_48' title='bbox 2185 1082 2588 1178; x_wconf 81' lang='lat' dir='ltr'><strong>quotannis</strong></span> <span class='ocrx_word' id='word_1_49' title='bbox 2639 1079 2795 1154; x_wconf 89' lang='lat' dir='ltr'><strong>die-</strong></span> 
     </span>
     <span class='ocr_line' id='line_1_8' title="bbox 613 1174 2795 1275; baseline 0 -25"><span class='ocrx_word' id='word_1_50' title='bbox 613 1174 764 1251; x_wconf 83' lang='lat' dir='ltr'><strong>bus</strong></span> <span class='ocrx_word' id='word_1_51' title='bbox 814 1174 1087 1250; x_wconf 90' lang='lat' dir='ltr'><strong>iudicia</strong></span> <span class='ocrx_word' id='word_1_52' title='bbox 1139 1176 1642 1268; x_wconf 81' lang='lat' dir='ltr'><strong>haberentur,</strong></span> <span class='ocrx_word' id='word_1_53' title='bbox 1708 1200 1951 1273; x_wconf 90' lang='lat' dir='ltr'><strong>neque</strong></span> <span class='ocrx_word' id='word_1_54' title='bbox 2004 1200 2266 1247; x_wconf 88' lang='lat' dir='ltr'><strong>omnes</strong></span> <span class='ocrx_word' id='word_1_55' title='bbox 2316 1201 2613 1275; x_wconf 86' lang='lat' dir='ltr'><strong>semper</strong></span> <span class='ocrx_word' id='word_1_56' title='bbox 2665 1175 2795 1250; x_wconf 89' lang='lat' dir='ltr'><strong>he-</strong></span> 
     </span>
     <span class='ocr_line' id='line_1_9' title="bbox 614 1270 2800 1370; baseline -0.001 -21"><span class='ocrx_word' id='word_1_57' title='bbox 614 1274 885 1349; x_wconf 88' lang='lat' dir='ltr'><strong>liastae</strong></span> <span class='ocrx_word' id='word_1_58' title='bbox 911 1279 984 1347; x_wconf 91' lang='lat' dir='ltr'><strong>in</strong></span> <span class='ocrx_word' id='word_1_59' title='bbox 1017 1275 1309 1348; x_wconf 90' lang='lat' dir='ltr'><strong>iudiciis</strong></span> <span class='ocrx_word' id='word_1_60' title='bbox 1335 1273 1691 1348; x_wconf 81' lang='lat' dir='ltr'><strong>adessent</strong></span> <span class='ocrx_word' id='word_1_61' title='bbox 1716 1273 1803 1363; x_wconf 87' lang='lat'><strong>⁷).</strong></span> <span class='ocrx_word' id='word_1_62' title='bbox 1834 1315 1929 1330; x_wconf 93' lang='lat'>—</span> <span class='ocrx_word' id='word_1_63' title='bbox 1976 1270 2560 1370; x_wconf 84' lang='lat' dir='ltr'><strong>Magistratihus</strong></span> <span class='ocrx_word' id='word_1_64' title='bbox 2591 1276 2800 1347; x_wconf 85' lang='lat' dir='ltr'><strong>certa</strong></span> 
     </span>
     <span class='ocr_line' id='line_1_10' title="bbox 532 1370 2798 1473; baseline 0 -29"><span class='ocrx_word' id='word_1_65' title='bbox 532 1435 541 1444; x_wconf 82' lang='grc'><strong>.</strong></span> <span class='ocrx_word' id='word_1_66' title='bbox 617 1370 896 1447; x_wconf 86' lang='lat' dir='ltr'><strong>salaria</strong></span> <span class='ocrx_word' id='word_1_67' title='bbox 949 1373 1151 1446; x_wconf 81' lang='lat' dir='ltr'><strong>nulla</strong></span> <span class='ocrx_word' id='word_1_68' title='bbox 1199 1370 1431 1450; x_wconf 80' lang='lat' dir='ltr'><strong>fuisse</strong></span> <span class='ocrx_word' id='word_1_69' title='bbox 1483 1371 1819 1443; x_wconf 73' lang='lat' dir='ltr'><strong>constatx</strong></span> <span class='ocrx_word' id='word_1_70' title='bbox 1895 1373 2024 1473; x_wconf 88' lang='lat' dir='ltr'><strong>qui</strong></span> <span class='ocrx_word' id='word_1_71' title='bbox 2099 1374 2348 1443; x_wconf 88' lang='lat' dir='ltr'><strong>autem</strong></span> <span class='ocrx_word' id='word_1_72' title='bbox 2402 1374 2624 1464; x_wconf 80' lang='lat' dir='ltr'><strong>extra</strong></span> <span class='ocrx_word' id='word_1_73' title='bbox 2675 1397 2798 1444; x_wconf 90' lang='lat' dir='ltr'><strong>or-</strong></span> 
     </span>
     <span class='ocr_line' id='line_1_11' title="bbox 617 1464 2797 1571; baseline -0 -28"><span class='ocrx_word' id='word_1_74' title='bbox 617 1467 862 1543; x_wconf 82' lang='lat' dir='ltr'><strong>dinem</strong></span> <span class='ocrx_word' id='word_1_75' title='bbox 931 1468 1207 1570; x_wconf 86' lang='lat' dir='ltr'><strong>aliquid</strong></span> <span class='ocrx_word' id='word_1_76' title='bbox 1289 1467 1560 1570; x_wconf 81' lang='lat' dir='ltr'><strong>publici</strong></span> <span class='ocrx_word' id='word_1_77' title='bbox 1628 1465 1916 1562; x_wconf 87' lang='lat' dir='ltr'><strong>negotii</strong></span> <span class='ocrx_word' id='word_1_78' title='bbox 1977 1464 2502 1541; x_wconf 86' lang='lat' dir='ltr'><strong>administrare</strong></span> <span class='ocrx_word' id='word_1_79' title='bbox 2564 1495 2611 1542; x_wconf 87' lang='lat' dir='ltr'><strong>a</strong></span> <span class='ocrx_word' id='word_1_80' title='bbox 2659 1494 2797 1571; x_wconf 86' lang='lat' dir='ltr'><strong>po-</strong></span> 
     </span>
     <span class='ocr_line' id='line_1_12' title="bbox 615 1562 2799 1667; baseline 0 -29"><span class='ocrx_word' id='word_1_81' title='bbox 615 1565 797 1667; x_wconf 83' lang='lat' dir='ltr'><strong>pulo</strong></span> <span class='ocrx_word' id='word_1_82' title='bbox 849 1565 1326 1661; x_wconf 80' lang='lat' dir='ltr'><strong>iubebantur,</strong></span> <span class='ocrx_word' id='word_1_83' title='bbox 1380 1565 1493 1638; x_wconf 88' lang='lat' dir='ltr'><strong>his</strong></span> <span class='ocrx_word' id='word_1_84' title='bbox 1547 1566 1767 1639; x_wconf 86' lang='lat' dir='ltr'><strong>etiam</strong></span> <span class='ocrx_word' id='word_1_85' title='bbox 1817 1562 2236 1637; x_wconf 84' lang='lat' dir='ltr'><strong>mercedem</strong></span> <span class='ocrx_word' id='word_1_86' title='bbox 2289 1562 2453 1637; x_wconf 87' lang='lat' dir='ltr'><strong>dari</strong></span> <span class='ocrx_word' id='word_1_87' title='bbox 2480 1591 2799 1639; x_wconf 89' lang='lat' dir='ltr'><strong>consen-</strong></span> 
     </span>
     <span class='ocr_line' id='line_1_13' title="bbox 614 1657 2799 1763; baseline -0 -26"><span class='ocrx_word' id='word_1_88' title='bbox 614 1670 921 1738; x_wconf 86' lang='lat' dir='ltr'><strong>taneum</strong></span> <span class='ocrx_word' id='word_1_89' title='bbox 989 1662 1133 1737; x_wconf 82' lang='lat' dir='ltr'><strong>suit</strong></span> <span class='ocrx_word' id='word_1_90' title='bbox 1158 1667 1251 1759; x_wconf 81' lang='lat'><strong>⁸).</strong></span> <span class='ocrx_word' id='word_1_91' title='bbox 1364 1664 1480 1736; x_wconf 86' lang='lat' dir='ltr'><strong>lta</strong></span> <span class='ocrx_word' id='word_1_92' title='bbox 1542 1657 2013 1763; x_wconf 83' lang='lat' dir='ltr'><strong>publicarum</strong></span> <span class='ocrx_word' id='word_1_93' title='bbox 2076 1687 2470 1735; x_wconf 85' lang='lat' dir='ltr'><strong>causarum</strong></span> <span class='ocrx_word' id='word_1_94' title='bbox 2539 1665 2799 1762; x_wconf 88' lang='lat' dir='ltr'><strong>patro-</strong></span> 
     </span>
     <span class='ocr_line' id='line_1_14' title="bbox 615 1754 2801 1859; baseline -0.001 -25"><span class='ocrx_word' id='word_1_95' title='bbox 615 1787 789 1852; x_wconf 60' lang='lat' dir='ltr'><strong>nos»,</strong></span> <span class='ocrx_word' id='word_1_96' title='bbox 839 1768 1235 1854; x_wconf 79' lang='grc' dir='ltr'><strong><em>συνηγόρους,</em></strong></span> <span class='ocrx_word' id='word_1_97' title='bbox 1267 1764 1615 1847; x_wconf 78' lang='grc' dir='ltr'><strong><em>συνδίκους,</em></strong></span> <span class='ocrx_word' id='word_1_98' title='bbox 1669 1754 2062 1834; x_wconf 83' lang='lat' dir='ltr'><strong>drachmas</strong></span> <span class='ocrx_word' id='word_1_99' title='bbox 2097 1757 2435 1856; x_wconf 84' lang='lat' dir='ltr'><strong>singulas</strong></span> <span class='ocrx_word' id='word_1_100' title='bbox 2473 1785 2616 1859; x_wconf 90' lang='lat' dir='ltr'><strong>pro</strong></span> <span class='ocrx_word' id='word_1_101' title='bbox 2651 1763 2801 1832; x_wconf 90' lang='lat' dir='ltr'><strong>sin-</strong></span> 
     </span>
     <span class='ocr_line' id='line_1_15' title="bbox 608 1853 2802 1957; baseline -0 -27"><span class='ocrx_word' id='word_1_102' title='bbox 608 1857 820 1957; x_wconf 76' lang='lat' dir='ltr'><strong>gulis</strong></span> <span class='ocrx_word' id='word_1_103' title='bbox 886 1858 1136 1929; x_wconf 88' lang='lat' dir='ltr'><strong>causis</strong></span> <span class='ocrx_word' id='word_1_104' title='bbox 1188 1854 1573 1949; x_wconf 88' lang='lat' dir='ltr'><strong>accepisse</strong></span> <span class='ocrx_word' id='word_1_105' title='bbox 1625 1853 1945 1953; x_wconf 81' lang='lat' dir='ltr'><strong>legimus</strong></span> <span class='ocrx_word' id='word_1_106' title='bbox 1969 1858 2081 1953; x_wconf 81' lang='lat'><strong>⁹),</strong></span> <span class='ocrx_word' id='word_1_107' title='bbox 2155 1854 2580 1957; x_wconf 83' lang='lat' dir='ltr'><strong>legatisque</strong></span> <span class='ocrx_word' id='word_1_108' title='bbox 2634 1858 2802 1929; x_wconf 86' lang='lat' dir='ltr'><strong>Ari-</strong></span> 
     </span>
     <span class='ocr_line' id='line_1_16' title="bbox 619 1951 2803 2055; baseline -0.001 -27"><span class='ocrx_word' id='word_1_109' title='bbox 619 1953 1012 2055; x_wconf 88' lang='lat' dir='ltr'><strong>stophanis</strong></span> <span class='ocrx_word' id='word_1_110' title='bbox 1062 1958 1308 2027; x_wconf 88' lang='lat' dir='ltr'><strong>aetate</strong></span> <span class='ocrx_word' id='word_1_111' title='bbox 1361 1978 1502 2052; x_wconf 89' lang='lat' dir='ltr'><strong>pro</strong></span> <span class='ocrx_word' id='word_1_112' title='bbox 1556 1957 1833 2026; x_wconf 82' lang='lat' dir='ltr'><strong>viatico</strong></span> <span class='ocrx_word' id='word_1_113' title='bbox 1883 1952 2107 2026; x_wconf 87' lang='lat' dir='ltr'><strong>binae</strong></span> <span class='ocrx_word' id='word_1_114' title='bbox 2158 1954 2291 2025; x_wconf 85' lang='lat' dir='ltr'><strong>aut</strong></span> <span class='ocrx_word' id='word_1_115' title='bbox 2319 1954 2564 2027; x_wconf 87' lang='lat' dir='ltr'><strong>trinae</strong></span> <span class='ocrx_word' id='word_1_116' title='bbox 2598 1951 2803 2026; x_wconf 89' lang='lat' dir='ltr'><strong>diur-</strong></span> 
     </span>
     <span class='ocr_line' id='line_1_17' title="bbox 618 2048 2803 2171; baseline -0.001 -46"><span class='ocrx_word' id='word_1_117' title='bbox 618 2078 765 2125; x_wconf 88' lang='lat' dir='ltr'><strong>nae</strong></span> <span class='ocrx_word' id='word_1_118' title='bbox 847 2049 1251 2125; x_wconf 84' lang='lat' dir='ltr'><strong>drachmae</strong></span> <span class='ocrx_word' id='word_1_119' title='bbox 1326 2055 1705 2124; x_wconf 84' lang='lat' dir='ltr'><strong>numerari</strong></span> <span class='ocrx_word' id='word_1_120' title='bbox 1779 2048 2134 2124; x_wconf 84' lang='lat' dir='ltr'><strong>solebant</strong></span> <span class='ocrx_word' id='word_1_121' title='bbox 2161 2052 2288 2143; x_wconf 88' lang='lat'><strong>¹⁰).</strong></span> <span class='ocrx_word' id='word_1_122' title='bbox 2418 2051 2610 2124; x_wconf 85' lang='lat' dir='ltr'><strong>Item</strong></span> <span class='ocrx_word' id='word_1_123' title='bbox 2680 2052 2803 2171; x_wconf 61' lang='lat' dir='ltr'><strong>qui</strong></span> 
     </span>
     <span class='ocr_line' id='line_1_18' title="bbox 622 2143 2804 2223; baseline -0.001 0"><span class='ocrx_word' id='word_1_124' title='bbox 622 2152 846 2223; x_wconf 85' lang='lat' dir='ltr'><strong>extra</strong></span> <span class='ocrx_word' id='word_1_125' title='bbox 898 2147 1237 2220; x_wconf 84' lang='lat' dir='ltr'><strong>ordinem</strong></span> <span class='ocrx_word' id='word_1_126' title='bbox 1289 2172 1594 2219; x_wconf 87' lang='lat' dir='ltr'><strong>nonnun</strong></span> <span class='ocrx_word' id='word_1_127' title='bbox 1650 2172 1819 2220; x_wconf 89' lang='lat' dir='ltr'><strong>uam</strong></span> <span class='ocrx_word' id='word_1_128' title='bbox 1870 2143 2359 2220; x_wconf 78' lang='lat' dir='ltr'><strong>mittebantur</strong></span> <span class='ocrx_word' id='word_1_129' title='bbox 2408 2146 2501 2220; x_wconf 90' lang='lat' dir='ltr'><strong>ad</strong></span> <span class='ocrx_word' id='word_1_130' title='bbox 2555 2173 2804 2221; x_wconf 73' lang='lat' dir='ltr'><strong>socio-</strong></span> 
     </span>
     <span class='ocr_line' id='line_1_19' title="bbox 618 2231 2897 2362; baseline -0.001 -43"><span class='ocrx_word' id='word_1_131' title='bbox 618 2271 784 2320; x_wconf 86' lang='lat' dir='ltr'><strong>rum</strong></span> <span class='ocrx_word' id='word_1_132' title='bbox 839 2247 1181 2317; x_wconf 85' lang='lat' dir='ltr'><strong>civitates</strong></span> <span class='ocrx_word' id='word_1_133' title='bbox 1231 2231 1592 2345; x_wconf 81' lang='lat' dir='ltr'><strong>inspicien</strong></span> <span class='ocrx_word' id='word_1_134' title='bbox 1652 2271 1771 2341; x_wconf 75' lang='lat' dir='ltr'><strong>aS,</strong></span> <span class='ocrx_word' id='word_1_135' title='bbox 1843 2269 1995 2316; x_wconf 91' lang='lat' dir='ltr'><strong>non</strong></span> <span class='ocrx_word' id='word_1_136' title='bbox 2046 2244 2458 2342; x_wconf 78' lang='lat' dir='ltr'><strong>gratuitam</strong></span> <span class='ocrx_word' id='word_1_137' title='bbox 2509 2249 2620 2318; x_wconf 92' lang='lat' dir='ltr'><strong>rei</strong></span> <span class='ocrx_word' id='word_1_138' title='bbox 2669 2271 2804 2346; x_wconf 86' lang='lat' dir='ltr'><strong>pu·</strong></span> <span class='ocrx_word' id='word_1_139' title='bbox 2837 2303 2897 2362; x_wconf 45' lang='lat' dir='ltr'><strong>ff</strong></span> 
     </span>
     <span class='ocr_line' id='line_1_20' title="bbox 625 2338 2888 2443; baseline -0.001 -28"><span class='ocrx_word' id='word_1_140' title='bbox 625 2339 863 2417; x_wconf 80' lang='lat' dir='ltr'><strong>blicae</strong></span> <span class='ocrx_word' id='word_1_141' title='bbox 917 2365 1224 2442; x_wconf 82' lang='lat' dir='ltr'><strong>operam</strong></span> <span class='ocrx_word' id='word_1_142' title='bbox 1273 2341 1748 2440; x_wconf 87' lang='lat' dir='ltr'><strong>praestitisse</strong></span> <span class='ocrx_word' id='word_1_143' title='bbox 1797 2338 2309 2437; x_wconf 78' lang='lat' dir='ltr'><strong>videntur¹¹)=</strong></span> <span class='ocrx_word' id='word_1_144' title='bbox 2362 2366 2807 2443; x_wconf 87' lang='lat' dir='ltr'><strong>quamquam</strong></span> <span class='ocrx_word' id='word_1_145' title='bbox 2871 2343 2888 2378; x_wconf 60' lang='lat'><strong>²*</strong></span> 
     </span>
     <span class='ocr_line' id='line_1_21' title="bbox 618 2435 2806 2540; baseline -0.001 -26"><span class='ocrx_word' id='word_1_146' title='bbox 618 2444 871 2515; x_wconf 89' lang='lat' dir='ltr'><strong>utrum</strong></span> <span class='ocrx_word' id='word_1_147' title='bbox 949 2461 1050 2514; x_wconf 80' lang='lat' dir='ltr'><strong>ex</strong></span> <span class='ocrx_word' id='word_1_148' title='bbox 1115 2437 1685 2529; x_wconf 85' lang='lat' dir='ltr'><strong>Atheniensium</strong></span> <span class='ocrx_word' id='word_1_149' title='bbox 1759 2465 1857 2514; x_wconf 91' lang='lat' dir='ltr'><strong>an</strong></span> <span class='ocrx_word' id='word_1_150' title='bbox 1920 2465 2022 2514; x_wconf 87' lang='lat' dir='ltr'><strong>ex</strong></span> <span class='ocrx_word' id='word_1_151' title='bbox 2084 2435 2384 2514; x_wconf 82' lang='lat' dir='ltr'><strong>illorum</strong></span> <span class='ocrx_word' id='word_1_152' title='bbox 2448 2437 2543 2513; x_wconf 91' lang='lat' dir='ltr'><strong>ad</strong></span> <span class='ocrx_word' id='word_1_153' title='bbox 2615 2464 2806 2540; x_wconf 88' lang='lat' dir='ltr'><strong>quos</strong></span> 
     </span>
     <span class='ocr_line' id='line_1_22' title="bbox 620 2534 2807 2638; baseline -0.002 -25"><span class='ocrx_word' id='word_1_154' title='bbox 620 2541 831 2613; x_wconf 89' lang='lat' dir='ltr'><strong>missi</strong></span> <span class='ocrx_word' id='word_1_155' title='bbox 894 2538 1114 2612; x_wconf 88' lang='lat' dir='ltr'><strong>erant</strong></span> <span class='ocrx_word' id='word_1_156' title='bbox 1186 2540 1486 2610; x_wconf 85' lang='lat' dir='ltr'><strong>aerario</strong></span> <span class='ocrx_word' id='word_1_157' title='bbox 1554 2534 1976 2612; x_wconf 90' lang='lat' dir='ltr'><strong>mercedem</strong></span> <span class='ocrx_word' id='word_1_158' title='bbox 2029 2537 2465 2638; x_wconf 86' lang='lat' dir='ltr'><strong>acceperint</strong></span> <span class='ocrx_word' id='word_1_159' title='bbox 2513 2563 2671 2610; x_wconf 90' lang='lat' dir='ltr'><strong>non</strong></span> <span class='ocrx_word' id='word_1_160' title='bbox 2722 2536 2807 2611; x_wconf 90' lang='lat' dir='ltr'><strong>li-</strong></span> 
     </span>
     <span class='ocr_line' id='line_1_23' title="bbox 678 2633 2802 2735; baseline 0.003 -27"><span class='ocrx_word' id='word_1_161' title='bbox 678 2642 827 2709; x_wconf 86' lang='lat' dir='ltr'><strong>uet.</strong></span> <span class='ocrx_word' id='word_1_162' title='bbox 928 2634 1183 2708; x_wconf 86' lang='lat' dir='ltr'><strong>Porro</strong></span> <span class='ocrx_word' id='word_1_163' title='bbox 1233 2638 1804 2734; x_wconf 74' lang='lat' dir='ltr'><strong>gymnasiorum</strong></span> <span class='ocrx_word' id='word_1_164' title='bbox 1868 2633 2273 2735; x_wconf 80' lang='lat' dir='ltr'><strong>praefecti,</strong></span> <span class='ocrx_word' id='word_1_165' title='bbox 2354 2639 2802 2727; x_wconf 67' lang='grc' dir='ltr'><strong>σωφρονιπαί.</strong></span> 
     </span>
     <span class='ocr_line' id='line_1_24' title="bbox 683 2726 2807 2832; baseline -0.003 -26"><span class='ocrx_word' id='word_1_166' title='bbox 683 2759 888 2806; x_wconf 85' lang='lat' dir='ltr'><strong>ecem</strong></span> <span class='ocrx_word' id='word_1_167' title='bbox 941 2734 1343 2831; x_wconf 86' lang='lat' dir='ltr'><strong>quotannis</strong></span> <span class='ocrx_word' id='word_1_168' title='bbox 1394 2758 1440 2803; x_wconf 91' lang='lat' dir='ltr'><strong>a</strong></span> <span class='ocrx_word' id='word_1_169' title='bbox 1544 2730 1773 2832; x_wconf 84' lang='lat' dir='ltr'><strong>epulo</strong></span> <span class='ocrx_word' id='word_1_170' title='bbox 1826 2735 2086 2825; x_wconf 83' lang='lat' dir='ltr'><strong>creati,</strong></span> <span class='ocrx_word' id='word_1_171' title='bbox 2138 2729 2484 2830; x_wconf 82' lang='lat' dir='ltr'><strong>singulas</strong></span> <span class='ocrx_word' id='word_1_172' title='bbox 2537 2726 2807 2803; x_wconf 79' lang='lat' dir='ltr'><strong>drach-</strong></span> 
     </span>
    </p>
   </div>
   <div class='ocr_carea' id='block_1_3' title="bbox 583 2757 2809 2930">
    <p class='ocr_par' dir='ltr' id='par_1_3' title="bbox 583 2757 2809 2930">
     <span class='ocr_line' id='line_1_25' title="bbox 583 2757 2809 2930; baseline -0.004 -25"><span class='ocrx_word' id='word_1_173' title='bbox 583 2857 788 2907; x_wconf 67' lang='lat' dir='ltr'><strong>„mas</strong></span> <span class='ocrx_word' id='word_1_174' title='bbox 854 2829 1164 2904; x_wconf 86' lang='lat' dir='ltr'><strong>diurnas</strong></span> <span class='ocrx_word' id='word_1_175' title='bbox 1233 2826 1327 2902; x_wconf 91' lang='lat' dir='ltr'><strong>de</strong></span> <span class='ocrx_word' id='word_1_176' title='bbox 1376 2757 1684 2927; x_wconf 54' lang='lat' dir='ltr'><strong>puhlico</strong></span> <span class='ocrx_word' id='word_1_177' title='bbox 1737 2826 2213 2930; x_wconf 83' lang='lat' dir='ltr'><strong>accipiebant</strong></span> <span class='ocrx_word' id='word_1_178' title='bbox 2239 2833 2363 2926; x_wconf 81' lang='lat'><strong>¹2).</strong></span> <span class='ocrx_word' id='word_1_179' title='bbox 2462 2823 2809 2899; x_wconf 79' lang='lat' dir='ltr'><strong>Medicus</strong></span> 
     </span>
    </p>
   </div>
   <div class='ocr_carea' id='block_1_4' title="bbox 627 3024 1026 3045">
    <p class='ocr_par' dir='ltr' id='par_1_4' title="bbox 627 3024 1026 3045">
     <span class='ocr_line' id='line_1_26' title="bbox 627 3024 1026 3045; baseline 0 1930"><span class='ocrx_word' id='word_1_180' title='bbox 627 3024 1026 3045; x_wconf 95' lang='lat' dir='ltr'><strong> </strong></span> 
     </span>
    </p>
   </div>
   <div class='ocr_carea' id='block_1_5' title="bbox 762 3054 1906 3269">
    <p class='ocr_par' dir='ltr' id='par_1_5' title="bbox 762 3054 1906 3269">
     <span class='ocr_line' id='line_1_27' title="bbox 762 3054 1906 3162; baseline -0.003 -16"><span class='ocrx_word' id='word_1_181' title='bbox 762 3089 824 3158; x_wconf 82' lang='lat'><strong>5)</strong></span> <span class='ocrx_word' id='word_1_182' title='bbox 864 3088 1078 3145; x_wconf 80' lang='lat' dir='ltr'><strong>Paullo</strong></span> <span class='ocrx_word' id='word_1_183' title='bbox 1119 3088 1287 3142; x_wconf 79' lang='lat' dir='ltr'><strong>aliter</strong></span> <span class='ocrx_word' id='word_1_184' title='bbox 1314 3054 1577 3142; x_wconf 76' lang='lat' dir='ltr'><strong>Boeckh.</strong></span> <span class='ocrx_word' id='word_1_185' title='bbox 1613 3089 1646 3142; x_wconf 90' lang='grc' dir='ltr'>Ι</span> <span class='ocrx_word' id='word_1_186' title='bbox 1683 3108 1741 3162; x_wconf 89' lang='lat' dir='ltr'><strong>p.</strong></span> <span class='ocrx_word' id='word_1_187' title='bbox 1780 3090 1906 3143; x_wconf 79' lang='lat'><strong>250.</strong></span> 
     </span>
     <span class='ocr_line' id='line_1_28' title="bbox 770 3194 1650 3269; baseline 0.001 -17"><span class='ocrx_word' id='word_1_188' title='bbox 770 3196 839 3264; x_wconf 88' lang='grc'><strong>6)</strong></span> <span class='ocrx_word' id='word_1_189' title='bbox 875 3194 1171 3269; x_wconf 75' lang='lat' dir='ltr'><strong>Aristoph.</strong></span> <span class='ocrx_word' id='word_1_190' title='bbox 1207 3197 1391 3268; x_wconf 80' lang='lat' dir='ltr'><strong>Vesp.</strong></span> <span class='ocrx_word' id='word_1_191' title='bbox 1427 3214 1487 3248; x_wconf 79' lang='lat' dir='ltr'><strong>v.</strong></span> <span class='ocrx_word' id='word_1_192' title='bbox 1525 3195 1650 3253; x_wconf 88' lang='grc'><strong>660.</strong></span> 
     </span>
    </p>
   </div>
   <div class='ocr_carea' id='block_1_6' title="bbox 633 3301 2814 3447">
    <p class='ocr_par' dir='ltr' id='par_1_6' title="bbox 633 3301 2814 3447">
     <span class='ocr_line' id='line_1_29' title="bbox 769 3301 2814 3375; baseline -0.003 -18"><span class='ocrx_word' id='word_1_193' title='bbox 769 3301 834 3372; x_wconf 86' lang='grc'><strong>7)</strong></span> <span class='ocrx_word' id='word_1_194' title='bbox 898 3302 991 3358; x_wconf 79' lang='lat' dir='ltr'><strong>Of.</strong></span> <span class='ocrx_word' id='word_1_195' title='bbox 1043 3304 1208 3356; x_wconf 79' lang='lat' dir='ltr'><strong>Proc-</strong></span> <span class='ocrx_word' id='word_1_196' title='bbox 1243 3306 1366 3357; x_wconf 80' lang='lat' dir='ltr'><strong>Att.</strong></span> <span class='ocrx_word' id='word_1_197' title='bbox 1404 3323 1460 3375; x_wconf 87' lang='lat' dir='ltr'><strong>p.</strong></span> <span class='ocrx_word' id='word_1_198' title='bbox 1497 3304 1605 3357; x_wconf 75' lang='lat'><strong>152</strong></span> <span class='ocrx_word' id='word_1_199' title='bbox 1641 3321 1726 3375; x_wconf 75' lang='lat' dir='ltr'><strong>sq.</strong></span> <span class='ocrx_word' id='word_1_200' title='bbox 1766 3329 1836 3342; x_wconf 90' lang='lat'><strong>—</strong></span> <span class='ocrx_word' id='word_1_201' title='bbox 1870 3301 2356 3357; x_wconf 67' lang='lat' dir='ltr'><strong>Nomot&#39;hetnrum</strong></span> <span class='ocrx_word' id='word_1_202' title='bbox 2394 3318 2628 3373; x_wconf 79' lang='lat' dir='ltr'><strong>quoque</strong></span> <span class='ocrx_word' id='word_1_203' title='bbox 2666 3317 2814 3351; x_wconf 86' lang='lat' dir='ltr'><strong>mer-</strong></span> 
     </span>
     <span class='ocr_line' id='line_1_30' title="bbox 633 3372 2720 3447; baseline -0.003 -16"><span class='ocrx_word' id='word_1_204' title='bbox 633 3395 728 3431; x_wconf 82' lang='lat' dir='ltr'><strong>ces</strong></span> <span class='ocrx_word' id='word_1_205' title='bbox 765 3395 885 3429; x_wconf 82' lang='lat' dir='ltr'><strong>non</strong></span> <span class='ocrx_word' id='word_1_206' title='bbox 922 3376 1430 3447; x_wconf 80' lang='lat' dir='ltr'><strong>praetermittenda</strong></span> <span class='ocrx_word' id='word_1_207' title='bbox 1469 3381 1571 3428; x_wconf 79' lang='lat' dir='ltr'><strong>est.</strong></span> <span class='ocrx_word' id='word_1_208' title='bbox 1641 3372 1943 3429; x_wconf 76' lang='lat' dir='ltr'><strong>Demosth.</strong></span> <span class='ocrx_word' id='word_1_209' title='bbox 1980 3378 2041 3428; x_wconf 84' lang='lat' dir='ltr'><strong>in</strong></span> <span class='ocrx_word' id='word_1_210' title='bbox 2081 3375 2334 3428; x_wconf 80' lang='lat' dir='ltr'><strong>Timocr.</strong></span> <span class='ocrx_word' id='word_1_211' title='bbox 2373 3392 2430 3445; x_wconf 88' lang='lat' dir='ltr'><strong>p.</strong></span> <span class='ocrx_word' id='word_1_212' title='bbox 2469 3372 2594 3438; x_wconf 83' lang='lat'><strong>706,</strong></span> <span class='ocrx_word' id='word_1_213' title='bbox 2631 3372 2720 3425; x_wconf 78' lang='lat'><strong>23.</strong></span> 
     </span>
    </p>
   </div>
   <div class='ocr_carea' id='block_1_7' title="bbox 626 3476 2811 3624">
    <p class='ocr_par' dir='ltr' id='par_1_7' title="bbox 626 3476 2811 3624">
     <span class='ocr_line' id='line_1_31' title="bbox 736 3476 2811 3610; baseline -0.001 -75"><span class='ocrx_word' id='word_1_214' title='bbox 736 3481 842 3610; x_wconf 48' lang='lat'><strong>7385),</strong></span> <span class='ocrx_word' id='word_1_215' title='bbox 891 3481 1150 3608; x_wconf 50' lang='lat' dir='ltr'><strong>{cubat</strong></span> <span class='ocrx_word' id='word_1_216' title='bbox 1196 3488 1390 3536; x_wconf 75' lang='lat' dir='ltr'><strong>tamen</strong></span> <span class='ocrx_word' id='word_1_217' title='bbox 1437 3481 1540 3536; x_wconf 87' lang='lat' dir='ltr'><strong>lex</strong></span> <span class='ocrx_word' id='word_1_218' title='bbox 1571 3478 1648 3553; x_wconf 76' lang='grc' dir='ltr'><strong>μὴ</strong></span> <span class='ocrx_word' id='word_1_219' title='bbox 1683 3479 1895 3554; x_wconf 72' lang='grc' dir='ltr'><strong>διχόθεν</strong></span> <span class='ocrx_word' id='word_1_220' title='bbox 1925 3485 2281 3556; x_wconf 71' lang='grc' dir='ltr'><strong>μισθοφορεῖν.</strong></span> <span class='ocrx_word' id='word_1_221' title='bbox 2356 3476 2655 3534; x_wconf 72' lang='grc' dir='ltr'><strong>ΠεωοειῙι.</strong></span> <span class='ocrx_word' id='word_1_222' title='bbox 2691 3477 2734 3531; x_wconf 92' lang='lat' dir='ltr'><strong>l.</strong></span> <span class='ocrx_word' id='word_1_223' title='bbox 2770 3476 2811 3532; x_wconf 86' lang='lat'><strong>1.</strong></span> 
     </span>
     <span class='ocr_line' id='line_1_32' title="bbox 626 3568 951 3624; baseline -0.003 0"><span class='ocrx_word' id='word_1_224' title='bbox 626 3568 693 3624; x_wconf 68' lang='lat' dir='ltr'><strong>P·</strong></span> <span class='ocrx_word' id='word_1_225' title='bbox 843 3592 860 3623; x_wconf 73' lang='lat'><em>2</em></span> <span class='ocrx_word' id='word_1_226' title='bbox 936 3591 951 3607; x_wconf 92' lang='lat'><strong>·</strong></span> 
     </span>
    </p>
   </div>
   <div class='ocr_carea' id='block_1_8' title="bbox 777 3657 1647 3733">
    <p class='ocr_par' dir='ltr' id='par_1_8' title="bbox 777 3657 1647 3733">
     <span class='ocr_line' id='line_1_33' title="bbox 777 3657 1647 3733; baseline -0.001 -17"><span class='ocrx_word' id='word_1_227' title='bbox 777 3661 843 3730; x_wconf 83' lang='lat'><strong>9)</strong></span> <span class='ocrx_word' id='word_1_228' title='bbox 880 3657 1175 3733; x_wconf 76' lang='lat' dir='ltr'><strong>Aristoph.</strong></span> <span class='ocrx_word' id='word_1_229' title='bbox 1211 3660 1392 3732; x_wconf 80' lang='lat' dir='ltr'><strong>Vesp.</strong></span> <span class='ocrx_word' id='word_1_230' title='bbox 1428 3678 1486 3712; x_wconf 86' lang='lat' dir='ltr'><strong>v.</strong></span> <span class='ocrx_word' id='word_1_231' title='bbox 1521 3658 1647 3715; x_wconf 84' lang='grc'><strong>689.</strong></span> 
     </span>
    </p>
   </div>
   <div class='ocr_carea' id='block_1_9' title="bbox 591 3762 2885 4120">
    <p class='ocr_par' dir='ltr' id='par_1_9' title="bbox 591 3762 2885 4120">
     <span class='ocr_line' id='line_1_34' title="bbox 716 3762 2885 3837; baseline -0.004 -15"><span class='ocrx_word' id='word_1_232' title='bbox 716 3831 723 3835; x_wconf 42' lang='lat'>‚</span> <span class='ocrx_word' id='word_1_233' title='bbox 771 3766 873 3837; x_wconf 91' lang='grc'><strong>10)</strong></span> <span class='ocrx_word' id='word_1_234' title='bbox 913 3769 996 3822; x_wconf 86' lang='lat' dir='ltr'><strong>Id.</strong></span> <span class='ocrx_word' id='word_1_235' title='bbox 1044 3766 1302 3823; x_wconf 83' lang='lat' dir='ltr'><strong>Acharn.</strong></span> <span class='ocrx_word' id='word_1_236' title='bbox 1347 3786 1405 3819; x_wconf 78' lang='lat' dir='ltr'><strong>v.</strong></span> <span class='ocrx_word' id='word_1_237' title='bbox 1454 3767 1543 3822; x_wconf 78' lang='lat'><strong>66.</strong></span> <span class='ocrx_word' id='word_1_238' title='bbox 1638 3767 1800 3820; x_wconf 79' lang='lat' dir='ltr'><strong>Haec</strong></span> <span class='ocrx_word' id='word_1_239' title='bbox 1846 3783 2065 3818; x_wconf 78' lang='lat' dir='ltr'><strong>merces</strong></span> <span class='ocrx_word' id='word_1_240' title='bbox 2112 3762 2318 3833; x_wconf 69' lang='grc' dir='ltr'><strong><em>ἐφόδιον</em></strong></span> <span class='ocrx_word' id='word_1_241' title='bbox 2365 3763 2576 3817; x_wconf 74' lang='lat' dir='ltr'><strong>«licitur</strong></span> <span class='ocrx_word' id='word_1_242' title='bbox 2627 3781 2662 3817; x_wconf 71' lang='lat' dir='ltr'><strong>a</strong></span> <span class='ocrx_word' id='word_1_243' title='bbox 2696 3764 2812 3816; x_wconf 87' lang='lat' dir='ltr'><strong>De-</strong></span> <span class='ocrx_word' id='word_1_244' title='bbox 2882 3834 2885 3837; x_wconf 15' lang='grc' dir='ltr'><strong>Δ</strong></span> 
     </span>
     <span class='ocr_line' id='line_1_35' title="bbox 631 3831 2811 3911; baseline -0.004 -17"><span class='ocrx_word' id='word_1_245' title='bbox 631 3838 842 3894; x_wconf 77' lang='lat' dir='ltr'><strong>mosth.</strong></span> <span class='ocrx_word' id='word_1_246' title='bbox 892 3839 965 3893; x_wconf 84' lang='lat' dir='ltr'><strong>de</strong></span> <span class='ocrx_word' id='word_1_247' title='bbox 1013 3839 1055 3893; x_wconf 81' lang='lat' dir='ltr'><strong>f.</strong></span> <span class='ocrx_word' id='word_1_248' title='bbox 1092 3840 1206 3909; x_wconf 81' lang='lat' dir='ltr'><strong>leg.</strong></span> <span class='ocrx_word' id='word_1_249' title='bbox 1246 3859 1302 3911; x_wconf 84' lang='lat' dir='ltr'><strong>p·</strong></span> <span class='ocrx_word' id='word_1_250' title='bbox 1337 3839 1465 3905; x_wconf 82' lang='grc'><strong>390,</strong></span> <span class='ocrx_word' id='word_1_251' title='bbox 1502 3839 1591 3893; x_wconf 70' lang='lat'><strong>23.</strong></span> <span class='ocrx_word' id='word_1_252' title='bbox 1665 3836 2052 3909; x_wconf 81' lang='lat' dir='ltr'><strong>Theophrast.</strong></span> <span class='ocrx_word' id='word_1_253' title='bbox 2095 3837 2248 3889; x_wconf 79' lang='lat' dir='ltr'><strong>char.</strong></span> <span class='ocrx_word' id='word_1_254' title='bbox 2291 3838 2374 3904; x_wconf 85' lang='lat'><strong>11,</strong></span> <span class='ocrx_word' id='word_1_255' title='bbox 2410 3838 2463 3890; x_wconf 81' lang='lat'><strong>3.</strong></span> <span class='ocrx_word' id='word_1_256' title='bbox 2501 3838 2707 3908; x_wconf 76' lang='grc' dir='ltr'><strong><em>πορεῒον</em></strong></span> <span class='ocrx_word' id='word_1_257' title='bbox 2741 3831 2811 3885; x_wconf 73' lang='grc' dir='ltr'><strong>ιώ</strong></span> 
     </span>
     <span class='ocr_line' id='line_1_36' title="bbox 591 3909 2814 4001; baseline -0.004 -35"><span class='ocrx_word' id='word_1_258' title='bbox 591 3926 597 3932; x_wconf 89' lang='grc'><em>·</em></span> <span class='ocrx_word' id='word_1_259' title='bbox 630 3910 889 4001; x_wconf 67' lang='lat' dir='ltr'><strong>Etymol..</strong></span> <span class='ocrx_word' id='word_1_260' title='bbox 927 3913 1010 3964; x_wconf 87' lang='grc' dir='ltr'><strong>Μ.</strong></span> <span class='ocrx_word' id='word_1_261' title='bbox 1045 3986 1060 4000; x_wconf 49' lang='lat'><strong>·</strong></span> <span class='ocrx_word' id='word_1_262' title='bbox 1085 3914 1354 4000; x_wconf 73' lang='lat' dir='ltr'><strong>Ceterum</strong></span> <span class='ocrx_word' id='word_1_263' title='bbox 1396 3915 1633 3982; x_wconf 83' lang='lat' dir='ltr'><strong>apparet</strong></span> <span class='ocrx_word' id='word_1_264' title='bbox 1665 3910 1873 3980; x_wconf 78' lang='lat' dir='ltr'><strong>legatis</strong></span> <span class='ocrx_word' id='word_1_265' title='bbox 1908 3912 2208 3996; x_wconf 76' lang='lat' dir='ltr'><strong>pecuniam</strong></span> <span class='ocrx_word' id='word_1_266' title='bbox 2247 3909 2323 3960; x_wconf 79' lang='lat' dir='ltr'><strong>ad</strong></span> <span class='ocrx_word' id='word_1_267' title='bbox 2358 3910 2642 3995; x_wconf 75' lang='lat' dir='ltr'><strong>rationem</strong></span> <span class='ocrx_word' id='word_1_268' title='bbox 2678 3912 2814 3958; x_wconf 78' lang='lat' dir='ltr'><strong>tem·</strong></span> 
     </span>
     <span class='ocr_line' id='line_1_37' title="bbox 633 3979 2812 4120; baseline -0.006 -11"><span class='ocrx_word' id='word_1_269' title='bbox 633 3981 1163 4120; x_wconf 62' lang='lat' dir='ltr'><strong>32:1¹⁸’.0‘ffl‘3ss322</strong></span> <span class='ocrx_word' id='word_1_270' title='bbox 1167 3982 1937 4107; x_wconf 56' lang='lat' dir='ltr'><strong>⁶15⁵:32’ffi‘u151‘2‘223332‘3233&#39;2</strong></span> <span class='ocrx_word' id='word_1_271' title='bbox 1949 3979 2096 4119; x_wconf 50' lang='lat'>‚²⁶⁰3</span> <span class='ocrx_word' id='word_1_272' title='bbox 2126 3979 2444 4104; x_wconf 50' lang='lat'><strong>2³:312&amp;</strong></span> <span class='ocrx_word' id='word_1_273' title='bbox 2478 3994 2812 4102; x_wconf 50' lang='lat' dir='ltr'><strong>{2223ssss</strong></span> 
     </span>
    </p>
   </div>
   <div class='ocr_carea' id='block_1_10' title="bbox 634 4118 2811 4253">
    <p class='ocr_par' dir='ltr' id='par_1_10' title="bbox 634 4118 2811 4253">
     <span class='ocr_line' id='line_1_38' title="bbox 634 4118 2811 4253; baseline -0.005 -73"><span class='ocrx_word' id='word_1_274' title='bbox 634 4134 939 4253; x_wconf 46' lang='lat' dir='ltr'><strong>{ex-enum,</strong></span> <span class='ocrx_word' id='word_1_275' title='bbox 976 4129 1324 4249; x_wconf 73' lang='lat' dir='ltr'><strong>lacleiperent</strong></span> <span class='ocrx_word' id='word_1_276' title='bbox 1368 4132 1498 4198; x_wconf 80' lang='lat' dir='ltr'><strong>post</strong></span> <span class='ocrx_word' id='word_1_277' title='bbox 1544 4126 1791 4179; x_wconf 75' lang='lat' dir='ltr'><strong>reditum</strong></span> <span class='ocrx_word' id='word_1_278' title='bbox 1839 4130 2112 4196; x_wconf 73' lang='lat' dir='ltr'><strong>quantum</strong></span> <span class='ocrx_word' id='word_1_279' title='bbox 2156 4123 2403 4177; x_wconf 77' lang='lat' dir='ltr'><strong>deesset.</strong></span> <span class='ocrx_word' id='word_1_280' title='bbox 2484 4123 2576 4174; x_wconf 72' lang='lat' dir='ltr'><strong>Ita</strong></span> <span class='ocrx_word' id='word_1_281' title='bbox 2612 4118 2811 4191; x_wconf 82' lang='lat' dir='ltr'><strong>explic.</strong></span> 
     </span>
     <span class='ocr_line' id='line_1_39' title="bbox 700 4216 1097 4253; baseline 0.003 -1"><span class='ocrx_word' id='word_1_282' title='bbox 700 4216 856 4252; x_wconf 70' lang='lat' dir='ltr'><strong>emon</strong></span> <span class='ocrx_word' id='word_1_283' title='bbox 926 4233 938 4247; x_wconf 91' lang='lat'><strong>.</strong></span> <span class='ocrx_word' id='word_1_284' title='bbox 1003 4237 1018 4253; x_wconf 91' lang='lat'><strong>.</strong></span> <span class='ocrx_word' id='word_1_285' title='bbox 1081 4235 1097 4252; x_wconf 92' lang='lat'><strong>.</strong></span> 
     </span>
    </p>
   </div>
   <div class='ocr_carea' id='block_1_11' title="bbox 779 4299 2804 4484">
    <p class='ocr_par' dir='ltr' id='par_1_11' title="bbox 779 4299 2804 4484">
     <span class='ocr_line' id='line_1_40' title="bbox 782 4299 1795 4376; baseline 0 -20"><span class='ocrx_word' id='word_1_286' title='bbox 782 4299 876 4369; x_wconf 86' lang='lat'><strong>11)</strong></span> <span class='ocrx_word' id='word_1_287' title='bbox 911 4301 1399 4376; x_wconf 76' lang='lat' dir='ltr'><strong>Aristoph..Avv.</strong></span> <span class='ocrx_word' id='word_1_288' title='bbox 1431 4322 1493 4357; x_wconf 81' lang='lat' dir='ltr'><strong>v.</strong></span> <span class='ocrx_word' id='word_1_289' title='bbox 1531 4304 1675 4361; x_wconf 79' lang='lat'><strong>1023</strong></span> <span class='ocrx_word' id='word_1_290' title='bbox 1708 4321 1795 4375; x_wconf 81' lang='lat' dir='ltr'><strong>sq.</strong></span> 
     </span>
     <span class='ocr_line' id='line_1_41' title="bbox 779 4399 2804 4484; baseline -0.001 -20"><span class='ocrx_word' id='word_1_291' title='bbox 779 4407 873 4476; x_wconf 72' lang='lat'><strong>12)</strong></span> <span class='ocrx_word' id='word_1_292' title='bbox 919 4408 1059 4468; x_wconf 72' lang='lat' dir='ltr'><strong>Lex.</strong></span> <span class='ocrx_word' id='word_1_293' title='bbox 1097 4412 1340 4482; x_wconf 76' lang='lat' dir='ltr'><strong>Seguer.</strong></span> <span class='ocrx_word' id='word_1_294' title='bbox 1389 4431 1443 4484; x_wconf 85' lang='lat' dir='ltr'><strong>p.</strong></span> <span class='ocrx_word' id='word_1_295' title='bbox 1481 4410 1610 4466; x_wconf 82' lang='grc'><strong>301.</strong></span> <span class='ocrx_word' id='word_1_296' title='bbox 1642 4406 1817 4465; x_wconf 76' lang='lat' dir='ltr'><strong>Phot.</strong></span> <span class='ocrx_word' id='word_1_297' title='bbox 1852 4427 1899 4464; x_wconf 77' lang='lat' dir='ltr'><strong>s.</strong></span> <span class='ocrx_word' id='word_1_298' title='bbox 1933 4427 1993 4463; x_wconf 81' lang='lat' dir='ltr'><strong>v.</strong></span> <span class='ocrx_word' id='word_1_299' title='bbox 2029 4406 2384 4482; x_wconf 62' lang='lat' dir='ltr'><strong>mecummet.</strong></span> <span class='ocrx_word' id='word_1_300' title='bbox 2457 4399 2714 4459; x_wconf 79' lang='lat' dir='ltr'><strong>Boeckh·</strong></span> <span class='ocrx_word' id='word_1_301' title='bbox 2749 4408 2804 4462; x_wconf 84' lang='lat' dir='ltr'><strong>P·</strong></span> 
     </span>
    </p>
   </div>
   <div class='ocr_carea' id='block_1_12' title="bbox 43 0 73 4957">
    <p class='ocr_par' dir='ltr' id='par_1_12' title="bbox 43 0 73 4957">
     <span class='ocr_line' id='line_1_42' title="bbox 43 0 73 4957; baseline 0 0"><span class='ocrx_word' id='word_1_302' title='bbox 43 0 73 4957; x_wconf 95' lang='lat' dir='ltr'><strong> </strong></span> 
     </span>
    </p>
   </div>
  </div>
 </body>
</html>
