3067 4975
711 371 792 447 V.
836 372 958 445 De
1003 393 1095 444 re
1111 312 1446 470 'publiea
1492 364 2090 443 mmmmm.
2336 364 2483 440 185

144 560 148 564 ⁴
262 510 271 586 ‡
310 556 638 672 receptis
684 549 786 627 ad
834 548 1267 627 sarciendas
1317 543 1492 625 belli
1543 543 1798 622 clades
1831 550 1922 621 'in
1971 549 2344 624 civitatem
2368 552 2484 623 in-

313 652 615 753 quilims
680 647 993 748 aliisque
1059 649 1486 749 peregrinis
1549 645 1630 719 et
1676 648 1916 739 servis
1965 646 2188 720 etiam
2246 646 2483 746 pluri.

310 752 452 824 mis
479 748 575 845 ⁵),
622 749 1047 819 imminutus
1098 746 1349 818 autem
1398 748 1562 817 erat
1610 741 2079 840 optimatium
2128 768 2484 819 numerus

315 869 650 961 opesque
700 868 962 917 eorum
1012 840 1446 918 exhaustae.
1546 838 1705 927 Qui
1753 844 1998 916 autem
2044 840 2319 938 postea
2351 842 2484 914 aut

167 948 172 954 '
244 985 249 990 -
316 940 599 1014 divitils
647 953 776 1014 aut
825 942 1090 1012 virtate
1142 941 1219 1011 et
1266 939 1715 1010 auctoritate
1762 961 1949 1035 prae
2011 934 2484 1012 multitudine

315 1034 806 1127 excellerent,
860 1039 986 1135 qui
1034 1032 1433 1107 admodum
1480 1035 1704 1132 pauci
1764 1039 2013 1125 erant,
2079 1030 2349 1152 borum
2408 1035 2538 1109 et·
2643 1075 2648 1084 ·

313 1127 2486 1324 2‘8.2⁸1‚;³.‘.'.¹:5:'23¹,¹⁵053&3:33330¹?13'52531-”23335133'221-33

317 1323 635 1417 artibus,
685 1326 812 1425 qui
857 1324 1212 1423 tanquam
1261 1347 1489 1396 canes
1549 1320 1810 1422 populi
1838 1322 1905 1416 ⁷)
1965 1326 2183 1396 minis
2245 1332 2320 1398 et
2374 1328 2491 1398 iu-

316 1419 531 1498 diciis
581 1417 974 1494 terrebant
1022 1428 1099 1493 et
1145 1416 1665 1517 deprimebant
1712 1421 2155 1519 quicumque
2215 1419 2334 1495 vel
2382 1419 2490 1494 le-

314 1522 692 1593 vissimam
745 1520 1195 1614 suspicionis
1259 1513 1599 1588 umbram
1717 1514 2067 1590 raeberet
2090 1517 2181 1609 8).
2229 1564 2234 1568 ·
2283 1519 2489 1592 Con-

311 1617 433 1689 tra
480 1612 780 1688 infimae
828 1639 1058 1714 saepe
1122 1608 1590 1685 condicionis
1707 1617 2034 1706 omines,
2102 1640 2256 1688 non
2322 1619 2489 1714 opi-

310 1710 501 1805 bus,
575 1736 731 1783 non
802 1713 1090 1784 meritis
1155 1735 1296 1783 nec
1360 1710 1637 1783 virtute
1695 1711 2080 1808 insignes,
2154 1709 2289 1786 sed
2337 1737 2493 1786 una

315 1808 749 1910 eloquentia
822 1805 943 1881 vel
1008 1809 1264 1906 potius
1329 1804 1675 1898 fallendi,
1752 1806 2139 1899 adulandi,
2221 1808 2491 1883 tumul-

312 1903 574 1979 tuandi
625 1905 790 1979 arte
836 1902 1239 2004 pollentes,
1289 1900 1567 1976 florere
1614 1906 1692 1975 in
1741 1901 2231 1978 concionibus
2259 1909 2337 1980 et
2373 1911 2491 1981 iu-

322 2000 559 2097 diciis,
610 1999 902 2102 plebem
956 2003 1374 2100 exagitare,
1421 1995 1883 2073 blandiendo
1934 2009 2010 2076 et
2035 2003 2493 2079 assentando

317 2098 656 2174 favorem
706 2102 1037 2197 captare,
1091 2102 1291 2170 omni
1336 2096 1565 2169 modo
1614 2095 1860 2195 plebis
1907 2100 2317 2198 potentiam
2367 2129 2497 2177 au-

318 2222 508 2295 gere
573 2221 722 2296 quo
783 2198 928 2294 ipsi
1042 2192 1160 2267 lus
1223 2197 1535 2293 possent
1559 2195 1656 2291 ⁹).
1752 2196 1874 2277 lta
1918 2195 2270 2296 populus,
2331 2201 2497 2298 ipse

317 2296 471 2367 iam
534 2315 792 2390 aeger,
844 2291 941 2365 ab
1058 2295 1122 2364 is
1173 2287 1599 2364 hominibus
1662 2317 2033 2391 praeceps
2110 2292 2497 2395 abreptus,

323 2389 678 2464 libertate
726 2393 801 2462 in
831 2387 1208 2462 licentiam
1236 2413 1483 2480 versa,
1538 2413 1639 2461 ex
1662 2393 1973 2468 strenuo
1997 2393 2344 2486 ignavus,
2397 2418 2495 2477 ex

321 2486 507 2562 forti
555 2484 896 2579 imbellis,
940 2511 1049 2561 ,ex
1098 2512 1332 2585 pareo
1386 2488 1464 2561 et
1513 2483 1859 2559 modesto
1912 2486 2174 2562 avidus
2241 2493 2319 2564 et
2380 2489 2495 2565 lu-

296 2587 711 2676 ·xuriosus,
758 2609 900 2657 nec
949 2586 1097 2656 nisi
1144 2608 1323 2656 raro
1376 2585 1455 2655 et
1498 2607 1641 2680 per
1688 2582 2086 2657 intervalla
2128 2590 2495 2686 pristinae

327 2683 632 2755 virtutis
682 2706 992 2772 memor,
1040 2677 1365 2771 tandem,
1415 2706 1639 2780 quum
1690 2679 2203 2757 adversarium
2231 2691 2497 2760 nactus

330 2782 535 2854 esset
593 2773 878 2851 viribus
945 2785 1023 2852 et
1085 2775 1377 2850 artibus
1454 2779 1964 2875 superiorem,
2031 2780 2384 2857 traditam
2452 2809 2502 2855 a

325 2872 740 2950 maioribus
786 2873 1112 2974 gloriam
1161 2899 1341 2947 cum·
1379 2870 1755 2949 dedecore
1806 2878 1883 2949 et
1906 2878 2266 2955 servitute
2294 2906 2499 2955 com-

327 2974 663 3047 mutavit.

416 3246 420 3253 ·
520 3214 659 3286 llis
706 3214 786 3285 in
836 3214 1265 3284 universum
1317 3208 1410 3285 de
1459 3211 1755 3285 Atticae
1806 3214 1920 3284 rei
1967 3209 2315 3310 publicae
2347 3216 2502 3292 sor-

330 3312 470 3384 mis
522 3314 599 3383 et
646 3306 1189 3383 mutationibus
1236 3310 1609 3407 expositis
1637 3311 2001 3408 sequitur,
2050 3318 2134 3385 ut
2163 3313 2535 3413 singulas·

472 3515 539 3585 5)
573 3514 844 3588 Xenoph.
889 3514 1123 3568 Hellen.
1169 3515 1228 3580 1,
1275 3513 1339 3584 6,
1387 3516 1480 3570 24.
1560 3515 1807 3571 Diodor.
1841 3518 2004 3583 xm,
2049 3517 2141 3574 97.
2171 3524 2176 3529 ’
2210 3521 2505 3597 Aristoph.

330 3591 490 3643 Rau.
525 3589 614 3642 33.
654 3593 712 3640 et
749 3589 854 3642 705
890 3606 940 3641 c.
975 3585 1179 3640 scholl.

479 3693 543 3761 6)
579 3691 854 3765 Xenoph.
892 3692 965 3785 de
1000 3712 1049 3745 r.
1085 3705 1142 3759 Ρ.
1180 3696 1253 3748 A.
1290 3693 1338 3757 I,
1375 3693 1483 3747 13.

485 3797 550 3870 7)
590 3803 692 3854 Or.
725 3802 788 3854 in
824 3800 1124 3869 Aristogit.
1161 3801 1201 3873 Ῑν
1229 3811 1285 3864 Ρ.
1324 3799 1448 3855 782.

478 3905 537 3971 8)
576 3905 669 3961 Cf.
718 3899 1015 3979 Aristoph.
1051 3906 1233 3978 vesp.
1279 3907 1388 3961 482
1436 3925 1562 3981 sqq.
1646 3906 1843 3962 Schol.
1880 3909 2036 3965 Plut.
2073 3929 2132 3970 v.
2167 3910 2259 3968 81·
2328 3914 2508 3970 Athe-

335 3997 468 4034 nae.
503 3979 594 4032 111
627 3990 683 4043 Ρ.
719 3979 794 4032 74
826 3978 898 4031 Ε.
1490 4033 1494 4037 ,

480 4081 545 4155 9)
587 4083 681 4138 Cf.
715 4083 1103 4138 Valckenaer.
1152 4083 1225 4137 de
1272 4084 1457 4137 abusu
1504 4084 1595 4139 elo
1638 4086 1870 4139 uentiae
1915 4088 1978 4141 in
2024 4091 2219 4144 Attica
2262 4093 2509 4164 republ„

336 4159 526 4213 Diatr.
581 4155 653 4209 de
696 4156 893 4228 Eur-ip.
939 4155 1010 4208 fr.
1060 4174 1112 4208 ο.
1157 4158 1248 4211 23.
1334 4154 1523 4227 Heyn'.
1569 4156 1614 4210 li
1658 4162 1822 4211 ertat.
1870 4168 1932 4213 et
1986 4164 2195 4234 aequit.
2242 4163 2398 4217 civil.
2444 4169 2508 4222 iu

339 4228 472 4284 Ath.
509 4247 628 4300 rep.
674 4245 748 4281 ex
789 4227 1084 4299 Aristoph.
1119 4226 1448 4282 delineatio.
1534 4231 1747 4300 Opnsc.
1796 4231 1976 4287 Acad.
2013 4235 2104 4286 lv
2148 4256 2204 4308 p.
2237 4235 2346 4290 392
2384 4254 2510 4309 sqq.

339 4297 753 4428 gfffmmh'
801 4300 857 4370 1,
906 4300 944 4355 2
986 4318 1043 4371 p.
1079 4300 1190 4356 276
1236 4319 1357 4375 sqq.
1399 4299 1509 4357 359
1555 4318 1681 4375 sqq.
1761 4299 1898 4375 1¹5³·
1946 4304 2077 4361 adv.
2124 4304 2414 4363 rolin-oh.
2450 4327 2510 4383 p.

490 4390 612 4448 sqq.
