3067 4975
918 1092 1944 1236 {Praefatim

1314 1319 1589 1335 *ο

346 1426 572 1579 Quo
621 1492 937 1566 consilio
982 1491 1181 1568 hunc
1227 1493 1503 1568 librum
1555 1506 1631 1570 et
1678 1494 1803 1575 cui
1849 1493 2329 1591 potissimum
2394 1514 2516 1587 ge<

343 1609 507 1682 neri
581 1608 934 1681 lectorum
1006 1610 1568 1706 conscripserim
1587 1660 1611 1700 ,
1691 1633 1791 1710 qu
1925 1632 2024 1682 ue
2081 1608 2272 1682 mihi
2330 1608 2517 1682 fines

342 1704 566 1779 huius
615 1702 1150 1801 antiquitatum
1201 1703 1595 1779 doctrinae·
1627 1707 1904 1781 ·iuveni
1959 1728 2047 1780 us
2110 1701 2517 1779 tradendae

343 1801 890 1887 constituerim,
952 1823 1182 1897 quum
1233 1803 1317 1874 in
1364 1804 1747 1901 prooemio
1807 1803 1992 1876 satis
2055 1801 2517 1899 explicatum

342 1900 467 1987 sit,
516 1896 851 1998 pluribus
901 1919 1099 1968 nunc
1149 1918 1196 1968 a
1245 1921 1365 1970 me
1414 1896 1683 1984 disseri
1729 1900 1924 1972 nihil
1989 1899 2280 1973 attinet.
2372 1897 2517 1975 Ne-

340 2019 485 2093 que
555 1990 959 2069 verendum
1037 2018 1197 2068 esse
1267 1995 1621 2084 arbitror,
1694 2020 1793 2070 ne
1862 2009 1995 2069 aut
2063 1997 2391 2069 alienum
2461 2012 2515 2065 a

340 2091 699 2189 philologi
746 2090 1205 2186 professione
1252 2106 1385 2166 aut
1433 2094 1684 2168 minus
1744 2095 2245 2168 necessarium
2314 2092 2513 2164 litte-

336 2194 588 2262 rarum
640 2201 1056 2260 nostrarum
1106 2186 1462 2265 studiosis
1520 2190 1851 2264 laborem
1914 2191 2324 2289 suscepisse
2396 2188 2513 2264 vi-

341 2284 540 2374 dear,
593 2286 743 2358 nisi
790 2285 959 2384 quis
1009 2283 1203 2357 forte
1251 2301 1384 2361 aut
1430 2289 1833 2362 consistere
1861 2287 2028 2362 sine
2057 2286 2511 2360 accuratiore

338 2384 872 2481 antiquitatum
941 2383 1363 2475 cognitione
1427 2385 1910 2482 philologiam
1977 2408 2195 2483 posse
2254 2383 2511 2480 opine·-

337 2492 496 2570 tur‚
557 2481 689 2554 aut
736 2482 1184 2555 Graecarum
1245 2483 1787 2583 antiquitatum
1837 2470 2508 2576 cognoscendarum

336 2578 678 2653 subsidia
743 2576 1106 2651 studiosis*
1178 2578 1772 2655 adolescentibus
1846 2601 1936 2654 ea
2017 2580 2171 2653 iam
2243 2587 2506 2692 parata

335 2700 498 2773 esse
543 2674 845 2762 iudicet,
892 2674 1163 2772 quibus
1214 2678 1584 2774 acquiesci
1633 2674 2023 2750 commode
2070 2689 2329 2777 posslt.
2397 2673 2526 2749 Ac·

301 2771 434 2845 ‘de
480 2772 926 2871 philologiae
984 2772 1288 2866 quidem
1352 2773 1646 2848 ambitu
1706 2772 2089 2872 disputare
2153 2789 2503 2868 superva-

328 2891 641 2943 caneum
702 2892 864 2942 esse
916 2880 1130 2966 puto,
1196 2868 1804 2969 quandoquidem
1863 2871 2048 2945 satis
2111 2869 2300 2942 mihi
2346 2868 2503 2938 iam

331 2966 429 3038 ab
479 2967 648 3041 aliis
697 2965 1021 3038 refutata
1069 2990 1229 3040 esse
1275 2965 1582 3043 videtur
1628 2990 1884 3041 eorum
1917 2967 2136 3054 ratio,
2184 2967 2318 3063 qui
2343 2984 2500 3034 am-

327 3065 744 3160 plissimam
793 3059 1333 3161 professionem
1377 3075 1512 3138 aut
1558 3066 1678 3139 sui
1728 3065 1969 3138 animi
2004 3085 2091 3135 ac
2120 3060 2502 3135 doctrinae

327 3160 619 3255 finibus„
671 3160 1266 3233 circumscribere
1347 3174 1481 3235 aut
1543 3163 1769 3258 plane
1842 3162 1993 3235 alio
2066 3158 2502 3256 detorquere

324 3269 724 3346 conantur3
774 3257 859 3328 in
907 3257 1484 3355 antiquitatibus
1515 3272 1764 3332 autem
1788 3259 2090 3333 Graecis
2125 3257 2497 3329 illustran-

326 3354 446 3428 dis
495 3376 723 3452 quum
774 3375 932 3424 non
979 3357 1197 3450 pauci
1249 3356 1399 3429 viri
1460 3352 1875 3429 doctissimi
1934 3353 2305 3452 proximis
2369 3348 2499 3422 ab·

326 3452 502 3525 hinc
551 3447 934 3523 decenniis
982 3473 1256 3545 magna
1304 3475 1471 3525 cum
1521 3449 1745 3526 laude
1791 3452 2068 3529 versati
2132 3451 2322 3538 sint,
2384 3459 2495 3519 ta·

325 3571 503 3622 men
548 3548 681 3643 qui
729 3547 1009 3619 iustum
1050 3547 1431 3622 doctrinae
1458 3572 1722 3648 corpus
1749 3547 2196 3624 discentium
2222 3542 2496 3621 studiis

321 3640 962 3717 accommodatum
1013 3670 1456 3744 componere
1501 3658 1923 3732 conaretur,
1971 3645 2040 3719 si
2088 3666 2136 3716 a
2182 3640 2497 3717 minutis

325 3741 717 3815 breviariis
768 3737 1216 3829 discesseris,
1264 3766 1458 3818 unus
1507 3743 1801 3830 extitit,
1860 3745 1983 3818 vir
2040 3740 2496 3816 clarissimus

325 3838 633 3915 Carolus
690 3835 1112 3915 Fridericus
1172 3842 1647 3915 Hermannus
1664 3893 1687 3928 ,
1743 3841 1953 3914 cuius
2019 3840 2207 3911 liber
2268 3855 2493 3935 quam
2564 3926 2573 3939 ·

327 3932 596 4034 cupide
622 3948 978 4033 exceptus
1006 3939 1106 4009 sit
1126 3940 1445 4036 repetita
1466 3940 1669 4010 intra
1688 3955 1963 4034 paucos
1989 3959 2229 4009 annos
2258 3930 2492 4007 editio
2539 3942 2571 4005 ’.

326 4030 808 4106 demonstrat.
907 4034 1126 4107 Hunc
1184 4059 1315 4129 ego
1371 4036 1636 4134 quanti
1694 4034 2009 4108 facerem
2057 4034 2139 4106 in
2186 4048 2497 4107 censura

328 4128 514 4216 eius,
564 4128 855 4207 Annall.
905 4131 1096 4203 critt.
1146 4133 1383 4207 Berol.
1434 4154 1610 4205 ann.
1670 4133 1859 4209 1836
1905 4134 2055 4210 vol.
2102 4133 2180 4206 11
2224 4151 2349 4203 no.
2396 4124 2496 4198 92

326 4249 518 4322 sqq„
569 4224 863 4321 publice
908 4228 1281 4325 professus
1331 4253 1531 4303 sum:
1585 4253 1820 4328 neque
1868 4242 2121 4323 tamen
2141 4248 2330 4325 quae
2354 4221 2494 4295 mi·

325 4343 471 4394 nus
547 4322 739 4394 mihi
803 4323 1192 4420 probanda
1270 4326 1714 4402 viderentur·
1784 4324 2273 4403 dissimulavi.
2398 4318 2498 4390 Et

327 4429 508 4493 sunt
555 4431 846 4519 praeter
893 4441 1017 4513 ea,
1078 4446 1270 4522 quae
1314 4425 1428 4498 ibi
1476 4425 1833 4524 exposui,
1901 4426 2132 4499 etiam
2181 4422 2364 4498 alia.
2410 4416 2499 4486 ἰῐὶ

1226 4676 1696 4788 4Ξῖ247
