3067 4975
498 389 503 396 ’
547 396 698 470 262
953 399 1033 472 V.
1082 398 1219 471 De·
1249 419 1338 468 re
1373 389 1714 496 publica⁸
1741 394 2330 473 Atheniensium.

548 580 642 654 de
690 581 842 653 reis
894 581 1270 653 eximitur.
1371 577 1645 651 Potest
1704 578 1955 652 tamen
2006 579 2327 678 uterque
2366 583 2718 653 excusari

542 702 683 777 per
726 679 1126 765 ὑπωμοσίαν,
1167 700 1315 775 qua
1365 679 1859 748 excusatione
1908 672 2232 771 probata
2281 700 2525 775 neque
2576 702 2717 775 per

543 780 1068 860 α’νθυπωμοσίαν
1111 771 1466 863 refutata,
1529 770 1724 845 diem
1778 768 2070 845 diffindi
2120 783 2432 847 ‘necesse
2477 785 2599 847 est
2623 777 2715 865 3).

547 872 780 944 orari
843 891 1148 942 causam
1225 863 1321 940 ab
1385 870 1573 966 ipsis
1638 866 2113 966 litigantibus
2175 868 2394 964 leges
2455 869 2714 944 volue-

542 970 757 1056 runt,
833 989 1026 1064 quae
1092 992 1219 1039 res
1288 970 1567 1040 multos
1627 970 2099 1063 conscriptas
2163 967 2314 1041 sibi
2385 965 2482 1038 ab
2547 967 2712 1040 aliis

420 1144 426 1151 ,
544 1066 932 1137 orationes
982 1061 1321 1136 ediscere
1374 1067 1664 1162 coegit,
1738 1060 2011 1163 quibus
2073 1067 2148 1137 in
2212 1062 2494 1136 iudicio
2548 1070 2711 1137 ute-

536 1164 802 1236 rentur
824 1158 920 1255 ⁴).
1021 1161 1271 1233 Licuit
1316 1164 1569 1235 tamen
1622 1185 2052 1261 synogoros
2101 1158 2462 1234 adbibere
2514 1168 2589 1235 et
2636 1166 2713 1233 in

431 1333 439 1341 ,
538 1255 962 1331 accusando
1028 1263 1103 1332 et
1160 1261 1233 1331 in
1302 1255 1812 1353 defendendo,
1890 1261 1967 1332 et
2014 1282 2557 1357 saepenumero
2606 1262 2716 1331 ita

432 1433 437 1440 ,
538 1353 761 1453 leges
804 1353 1329 1447 eludebantur,
1374 1358 1462 1428 ut
1509 1359 1766 1453 potior
1817 1361 2021 1428 esset
2068 1359 2429 1453 synogori
2482 1381 2706 1456 quam

540 1457 703 1526 eius
755 1456 874 1525 cui
921 1455 990 1524 is
1039 1448 1308 1524 aderat
1357 1457 1612 1525 oratio
1640 1454 1735 1549 ⁵).
1828 1452 2071 1524 Erant
2123 1460 2369 1525 autem
2420 1456 2707 1525 oratio·
2771 1485 2780 1494 ·

537 1576 676 1623 nes
750 1548 1189 1651 plerumque
1265 1575 1417 1623 non
1490 1547 1737 1622 solum
1808 1546 1905 1620 ad
1972 1546 2361 1621 docendos
2423 1549 2711 1622 iudices

486 1687 501 1696 ι
540 1650 1027 1745 compositae,
1079 1644 1214 1719 sed
1267 1646 1361 1719 ad
1415 1643 1972 1745 permovendos
2020 1644 2298 1718 invidia
2350 1650 2490 1719 aut·
2526 1672 2706 1744 gra-

533 1747 667 1838 tia,
716 1749 832 1817 ira
881 1750 1011 1816 aut
1061 1743 1577 1818 misericordia
1628 1747 1947 1837 animos,
2010 1739 2711 1843 adhibebanturque

535 1841 884 1914 advocati
911 1844 1002 1934 ⁶),
1054 1840 1617 1939 deprecatoreS,
1682 1839 2288 1939 supplicationes,
2351 1838 2707 1941 quidquid

537 1938 855 2039 denique
935 1936 1032 2012 ad
1101 1937 1617 2013 conciliandos
1692 1936 2255 2036 flectendosque
2320 1937 2706 2011 auditores

531 2040 916 2134 pertinere
966 2033 1362 2114 videretur.
1467 2038 1823 2109 Ceterum
1884 2036 2016 2109 aut
2077 2034 2426 2132 singulae
2488 2035 2706 2109 erant

536 2138 666 2206 aut
701 2130 946 2225 binae,
998 2130 1129 2204 sed
1175 2132 1439 2206 eodem
1470 2139 1717 2205 tamen
1747 2131 1892 2223 dio,
1942 2135 2301 2223 actiones,
2349 2159 2492 2230 pro
2524 2135 2704 2204 cau-‘

535 2254 790 2302 sarum
824 2233 1185 2304 varietate
1213 2231 1303 2322 ⁷),
1349 2230 1791 2330 teinpusque
1822 2227 2241 2302 dicentibus
2277 2232 2370 2302 ad
2408 2228 2701 2329 clepsy-

537 2324 747 2400 dram
795 2325 996 2412 finiri
1044 2325 1485 2427 plerumque
1538 2324 1839 2401 solebat
1865 2328 1954 2418 ⁸).
2050 2328 2262 2400 Inter
2313 2328 2703 2399 orationes

538 2427 759 2500 etiam
791 2421 1321 2523 probationum
1356 2425 1871 2514 instrumenta,
1921 2421 2158 2522 legeS‚
2206 2419 2539 2517 tabulae,
2589 2431 2702 2497 te-

535 2526 908 2616 stimonia,
958 2521 1253 2623 aliaque
1305 2521 1398 2597 de
1448 2520 1723 2625 quibus
1772 2520 1995 2594 modo
2025 2519 2297 2598 dictum
2331 2525 2472 2611 est,
2522 2544 2703 2620 pro-

530 2617 1049 2719 ponebantur,
1127 2623 1495 2694 recitante
1545 2616 1823 2711 scriba,
1873 2626 1949 2693 et
1998 2616 2406 2719 clepsydra*
2446 2621 2710 2691 tantis-

529 2742 672 2816 per
723 2713 1102 2791 obturata.
1203 2719 1505 2808 Testes,
1572 2720 1635 2791 si
1688 2714 1815 2816 qui
1862 2719 1938 2788 in
1990 2720 2317 2827 anacsisi
2375 2719 2705 2789 testimo-

531 2818 734 2887 nium
783 2811 1037 2912 dicere
1087 2812 1555 2904 abnuissent,
1605 2817 1823 2887 etiam
1872 2817 1947 2886 in
1996 2818 2019 2886 i
2078 2840 2165 2887 so
2215 2810 2517 2904 iudicio,
2569 2797 2701 2886 de-

531 2914 1017 2985 nunciatione
1068 2919 1240 2999 ante
1292 2910 1529 3005 facta,
1593 2914 1809 2984 citari
1859 2840 2227 3005 solebant,
2276 2912 2362 2983 ut
2407 2912 2539 2984 aut
2589 2910 2699 2983 di-

533 3014 796 3084 cerent
854 3010 1357 3084 testimonium
1416 3016 1548 3082 aut
1595 3012 2007 3082 eiurarent:
2086 3012 2152 3081 si
2202 3034 2354 3080 nou
2402 3011 2698 3106 paruis-

533 3115 727 3200 sent,
788 3105 962 3206 lege
1024 3105 1389 3180 adversus
1455 3132 1594 3180 eos
1657 3110 1787 3202 agi
1834 3107 2138 3203 poterat
2185 3112 2315 3178 aut
2363 3131 2503 3204 per
2549 3109 2703 3194 κλή-

528 3226 741 3276 nvem
789 3213 920 3279 aut
967 3206 1191 3280 etiam
1256 3229 1398 3305 per
1447 3207 1789 3286 actiones
1838 3205 2365 3296 λειπομαρτυρίον
2412 3209 2489 3278 et
2532 3205 2702 3290 βλά-

669 3483 731 3552 3)
766 3486 938 3539 Prae.
972 3486 1093 3537 Αιι.
1132 3497 1189 3549 p.
1224 3484 1330 3539 695
1347 3454 1542 3541 -c‘oa

670 3591 733 3661 4)
768 3590 929 3647 ιω..
954 3611 1008 3665 ι».
1046 3591 1170 3646 707.

670 3697 737 3769 5)
772 3698 916 3755 nm.
951 3712 1009 3766 p.
1048 3697 1154 3753 τοῦ
1176 3722 1237 3736 -
1257 3697 1379 3752 711.

329 3854 334 3863 r
436 3857 445 3862 ·
669 3823 832 3893 6)11
898 3823 1115 3892 ἄκλητοι.
1185 3820 1485 3875 Demosth.
1545 3821 1615 3874 de
1663 3820 1705 3875 f.
1755 3819 1869 3891 leg.
1906 3831 1963 3886 p.
2000 3762 2126 3883 3410,
2162 3821 2246 3873 10.
2321 3821 2395 3875 ln
2432 3825 2592 3875 univ·
2628 3822 2703 3877 cf.

525 3898 577 3951 P
642 3900 696 3950 A
765 3844 979 3967 μαξηθ
1025 3902 1148 3949 not.
1194 3896 1282 3948 51.
1357 3896 1797 3948 Westermann.
1849 3892 1919 3945 de
1965 3890 2164 3944 litibus
2212 3910 2353 3964 quas
2402 3894 2703 3948 Demosth-

527 3971 717 4024 oravit
758 3982 815 4034 Ρ.
856 3969 946 4023 67.
1020 3966 1492 4022 considerandus
1540 3972 1627 4019 est
1674 3963 2164 4018 etiam-Athenaei
2202 3962 2366 4018 locus
2401 3967 2572 4032 Xlll,
2609 3966 2700 4020 59.

525 4044 618 4096 De
654 4039 993 4113 loquutione
1037 4042 1133 4102 ἔξω
1166 4040 1250 4093 τοῦ
1283 4039 1591 4113 πράγμαως
1618 4037 1787 4110 λέγειν
1834 4035 1954 4089 vid.
1985 4054 2075 4089 ex.
2113 4038 2174 4088 in
2212 4035 2512 4092 Scbaeferi
2545 4040 2697 4111 App.

525 4116 648 4169 crit.
688 4114 763 4167 ad
798 4115 964 4166 Dem.
1002 4113 1064 4162 V
1103 4131 1155 4182 p.
1193 4111 1321 4165 448.

665 4218 724 4286 7)
770 4218 934 4292 Λόγοι
975 4217 1210 4294 πρότεροι
1256 4225 1315 4272 et
1347 4215 1553 4292 ὕστεροι,
1592 4214 1984 4286 distinguendi
2022 4233 2057 4267 a
2093 4214 2498 4291 δευτερολογίαις,
2540 4234 2695 4291 upum*

520 4294 723 4367 λογίως
755 4299 865 4347 etc.
902 4310 1051 4366 quae
1087 4293 1434 4362 synogoriae
1467 4296 1624 4344 suut.
1697 4291 1762 4342 P.
1797 4290 1869 4342 A.
1904 4306 1962 4360 p.
1999 4289 2125 4343 711.

666 4397 727 4465 s)
764 4398 913 4453 ma.
945 4390 1153 4473 ivus
1186 4419 1273 4473 sq.
1347 4397 1440 4457 cf.
1477 4402 1539 4453 et
1573 4393 1859 4452 Athenae.
1898 4395 2013 4465 lv,
2050 4395 2121 4452 74
2153 4415 2212 4470 p.
2244 4394 2354 4451 318
2387 4364 2474 4466 ³4.
2515 4362 2522 4365 ’
2633 4390 2636 4393 ·
