3067 4975
748 366 822 441 7.
868 347 990 440 De
1038 363 1473 444 oeconomia
1521 361 1655 437 rei
1678 324 2057 464 publicae.
2353 354 2503 442 313
2564 443 2572 450 ,

338 556 591 647 nasia,
654 546 1098 639 dicasteria,
1144 544 1491 635 theatra,
1542 543 1824 645 templa
1875 544 2210 647 aliaque3
2258 575 2356 625 ne
2409 549 2503 630 de

342 654 529 727 artis
595 644 955 746 operibus
1023 643 1394 734 dicamus,
1448 642 1724 715 statuis
1773 641 2058 717 tabulis
2107 673 2201 721 ue
2251 651 2504 746 pictis,

281 737 421 823 ”in
468 771 661 847 quae
713 746 962 818 omnia
1015 743 1371 843 quantum
1420 735 1746 812 florente
1797 767 1883 814 re
1918 673 2222 838 publiea
2267 771 2501 843 pecu-

335 849 510 920 niae
562 842 1025 940 insumptum
1073 840 1197 928 sit,
1249 860 1471 914 nemo
1520 839 1838 935 ignorat
1862 838 1948 929 ⁷).
2025 840 2235 916 Haec
2273 851 2350 916 at
2402 870 2501 920 ue

335 941 556 1034 talia,
620 941 915 1014 etiamsi
976 932 1205 1036 selmel
1267 930 1468 1006 facta
1528 936 1609 1007 in
1656 932 1784 1007 lon
1848 961 1968 1007 um
2015 936 2312 1036 tempus
2417 968 2500 1016 u-

333 1054 534 1132 rant,
582 1036 973 1136 plerisque
1019 1035 1270 1105 tamen
1322 1028 1655 1105 subinde
1706 960 2130 1106 reficiendis
2165 1034 2501 1112 tuendis-

337 1161 482 1236 que
541 1138 924 1233 impensae
1000 1125 1402 1203 identidem
1463 1124 1859 1202 faciendae
1925 1132 2136 1225 sunt,
2216 1137 2301 1206 ut
2362 1134 2499 1215 has

384 1257 638 1330 noque
713 1231 981 1302 annuis
1056 1223 1479 1323 sumptibus
1563 1224 2037 1302 adnumerari
2119 1234 2499 1328 oporteat.

331 1258 736 1402 ¹ll'ostremo
801 1323 976 1398 loco
1041 1320 1695 1416 commemoranda
1746 1326 1951 1416 sunt,
2014 1350 2204 1425 quae
2254 1327 2497 1403 hono-

330 1427 440 1510 ltis
490 1425 623 1498 aut
671 1424 992 1522 praemii
1042 1446 1274 1493 causa
1326 1422 1780 1519 erogantur:
1842 1418 2245 1519 hospitalia
2297 1425 2501 1503 dona

327 1521 610 1620 legatis
688 1525 1118 1593 exterarum
1195 1519 1572 1589 civitatum
1636 1513 1985 1615 praebita
2013 1520 2117 1610 ⁸),
2200 1522 2499 1620 epulum

329 1622 411 1692 in
459 1618 839 1718 prytaneo
893 1620 1024 1689 aut
1072 1617 1311 1686 vietus
1412 1611 1887 1707 uotidianus,
1936 1615 2179 1710 tituli,
2227 1622 2496 1718 imagi-

330 1740 509 1808 nes,
572 1708 904 1787 coronae
969 1710 1262 1811 aliaque
1311 1714 1337 1783 i
1436 1737 1685 1807 genus
1746 1709 2066 1809 plurima
2091 1716 2184 1805 9).
2282 1722 2498 1795 Haec

281 1815 287 1821 ’
333 1815 583 1885 omnia
648 1815 773 1910 qui
831 1811 1170 1909 reputet,
1237 1833 1477 1910 eaque
1545 1806 1639 1881 de
1705 1806 1977 1909 quibus
2028 1815 2310 1887 certius
2358 1814 2497 1891 ali-

333 1908 512 2010 quid
580 1910 810 1981 statui
868 1906 1128 2006 potest
1192 1931 1360 1977 eum
1421 1908 1514 1978 iis
1566 1931 1757 2006 quae
1808 1908 2091 1980 certam
2142 1913 2494 1987 aestima-

329 2014 613 2080 tionem
673 2031 828 2077 non
895 2002 1332 2096 admittunt,
1455 1999 1783 2076 robabili
1831 2003 2127 2079 ratione
2180 2034 2493 2110 compo..

327 2111 501 2197 nat,
561 2126 721 2175 non
798 2098 1183 2174 dubitabit·
1226 2030 1612 2199 proffgcto,
1688 2102 1866 2199 quin
1927 2100 2491 2183 Atheniensium

330 2204 447 2275 rei
495 2197 849 2298 publicae
884 2195 1435 2272 administratio
1451 2250 1485 2290 ,¹
1530 2199 1751 2271 etiam
1817 2200 2493 2302 quietistempori-

332 2292 481 2370 bus
559 2304 635 2369 et
712 2299 778 2370 si
849 2298 1176 2368 maiores
1244 2294 1584 2392 sumptus
1661 2292 2251 2382 extraordinarii
2310 2301 2495 2377 nulli
2567 2321 2569 2323 ’

331 2391 656 2467 faciendi
721 2392 1015 2485 essent,
1080 2390 1480 2492 quotannis
1540 2397 1789 2463 tamen
1897 2394 2277 2490 uingentis
2326 2397 2490 2474 fere

328 2494 637 2565 talentis
685 2496 1035 2564 constare
1083 2486 1306 2565 solita
1350 2490 1468 2563 sit.
1578 2489 1698 2562 De
1736 2417 2108 2564 bellorum
2131 2520 2323 2575 *vero
2354 2499 2492 2569 im-

325 2592 584 2689 pensis
631 2586 842 2688 loqui
869 2586 1174 2685 longum
1209 2585 1432 2659 estet
1456 2582 1785 2679 difficile,
1836 2589 1920 2660 ut
1948 2615 2139 2690 quae
2171 2596 2494 2668 omnium

331 2689 652 2761 maxime
735 2690 990 2757 variae
1067 2685 1219 2756 sint
1287 2682 1685 2782 nullosque
1762 2695 2014 2760 certos
2095 2685 2282 2764 fines
2358 2691 2493 2765 ha-

325 2780 583 2858 beant.
644 2782 907 2882 Itaque
957 2806 1185 2854 unum
1295 2807 1483 2853 enus
1535 2778 2308 2877 commemorabimus,
2360 2784 2496 2863 sti-¹

381 2879 603 2954 endia
662 2878 839 2952 inde
905 2904 951 2952 a
1026 2878 1249 2951 Perie
1282 2881 1345 2950 is
1405 2880 1655 2951 aetate
1718 2878 2082 2955 militibus
2148 2884 2311 2958 dari
2360 2912 2490 2959 so-

323 2908 574 3062 litam).
674 2977 958 3050 Eorum
1022 2972 1458 3074 magnItudo
1523 2975 1672 3047 alia
1741 2986 1906 3050 erat
1967 2978 2135 3053 aliis
2199 2988 2490 3081 tempo..

327 3072 541 3148 ribus
569 3073 698 3169 ¹¹):
746 3099 888 3172 gre
948 3074 1111 3145 ario
1164 3069 1376 3144 militi
1428 3070 1654 3144 modo
1708 3070 2092 3147 diobolum
2120 3077 2491 3177 diurnum,

325 3169 553 3244 modo
606 3173 829 3244 etiam
930 3168 1234 3242 raehma
1286 3164 1652 3264 dabatur,
1698 3169 2160 3344 totidemque
2208 3202 2353 3274 pro
2386 3183 2492 3253 ei·-

323 3264 705 3366 bariis¹²):
758 3268 1096 3342 centurio
1148 3264 1491 3364 duplum,
1545 3291 1780 3366 eques
1829 3276 1961 3342 aut
2057 3270 2308 3371 uplum
2360 3285 2494 3352 aut

470 3439 528 3502 7)
566 3441 656 3493 De
692 3435 784 3491 his
823 3438 1088 3492 omnibus
1126 3436 1200 3491 of.
1237 3438 1457 3492 Mem-s.
1497 3435 1570 3489 de
1606 3435 1739 3490 fort.
1774 3435 1912 3492 Ath.
1947 3442 2178 3512 passim.
2238 3444 2495 3505 Boeckh.

328 3514 362 3568 l
397 3532 453 3585 Ρ.
493 3512 600 3566 215
636 3529 753 3582 sqq.
795 3510 948 3564 Add.
987 3519 1045 3564 et
1077 3511 1400 3578 Boettigeri
1433 3510 1859 3578 Andeutungen
1898 3529 1974 3565 zu
2009 3515 2360 3574 vierundzw.
2398 3541 2492 3576 ar..

329 3580 776 3652 obiiologisoben
832 3580 1067 3635 Vorles.
1127 3600 1182 3650 Ρ.
1242 3582 1331 3635 77.
1430 3580 1726 3635 Plutarch.
1783 3582 1992 3643 Pericl.
2054 3603 2102 3640 ο.
2153 3588 2241 3642 12.
2302 3591 2373 3646 13
2435 3603 2496 3651 et

322 3655 517 3711 Leake
555 3662 778 3729 topogr.
815 3652 953 3710 Ath.
990 3674 1046 3725 Ρ.
1083 3653 1192 3707 426
1227 3651 1363 3727 sqq]

468 3757 533 3833 8)
571 3759 715 3814 vid.
755 3757 1017 3830 exempla
1051 3778 1140 3832 ap.
1177 3756 1547 3813 Voemelium
1586 3759 1721 3814 diss.
1760 3759 1831 3815 de
1866 3758 2086 3836 loquat.
2105 3760 2191 3818 ἐπὶ
2219 3767 2360 3829 ξένια
2393 3791 2493 3831 xa-

319 3838 440 3895 ζεῖν.
512 3833 666 3911 Ρεοξ.
703 3830 777 3884 ad
811 3831 897 3884 Μ.
938 3831 1094 3886 1831.

412 4002 417 4009 .
464 3939 526 4008 9)
561 3941 1000 3992 Westermann.
1040 3936 1111 3991 de
1148 3935 1306 4010 publ.
1344 3935 1484 3991 Ath.
1521 3935 1861 3993 honoribus.
1932 3939 2092 4013 Iaips.
2128 3940 2288 4005 1830.
2324 3947 2376 4004 8.

468 4043 569 4118 10)
608 4044 840 4118 Ulpian.
877 4046 950 4098 ad
989 4043 1289 4100 Demosth.
1322 4062 1377 4100 π.
1414 4049 1609 4113 comi.
1645 4066 1703 4120 Ρ.
1738 4047 1812 4101 50
1845 4049 1918 4103 A.

466 4150 562 4220 11)
603 4150 741 4205 vid.
776 4150 1032 4205 Boeekb.
1067 4152 1101 4205 1
1134 4171 1194 4224 Ρ.
1226 4152 1529 4209 293-297.
1573 4226 1578 4227 ⁷

469 4255 569 4327 12)
614 4259 743 4312 Hoc
785 4261 1055 4332 σιτηρέσιον
1100 4257 1327 4313 dieitur.
1384 4259 1698 4316 'Demostla
1744 4260 1897 4316 Phili
1937 4282 1990 4335 p.
2035 4264 2069 4317 1
2110 4282 2165 4335 Ρ.
2210 4263 2301 4334 48,
2345 4265 2384 4320 3
2427 4271 2490 4322 in

326 4329 551 4402 Polyel.
595 4349 654 4403 Ρ.
703 4330 858 4397 1209,
917 4332 1011 4383 Ι2.·
1047 4329 1204 4399 1214,
1248 4333 1339 4386 22.
1409 4336 1713 4406 Σιταρκείας
1742 4353 1889 4388 voca
1929 4333 2106 4404 ulum,
2154 4355 2266 4409 quo
2301 4346 2492 4410 poste·

329 4396 517 4460 riores
552 4407 810 4471 utuntur,
843 4402 1138 4456 veteribus
1172 4404 1381 4469 Atticis
1416 4407 1752 4461 inusitatum
1790 4415 1894 4466 est.
