3067 4975
521 383 527 389 ·
562 347 716 421 278
1040 346 1119 419 V.
1169 346 1287 419 De
1334 369 1423 417 re
1459 342 1777 445 publica
1823 342 2412 420 Atheniensium.

496 601 505 610 ,
568 534 767 617 μοσία
838 524 1107 599 dicitur
1133 526 1269 618 ¹⁷):
1355 525 1681 627 itemque
1797 530 2061 601 ecunia
2123 532 2251 600 aut
2315 522 2412 599 ab
2466 528 2727 602 actore

567 634 700 699 aut
762 620 858 696 ab
933 626 1258 723 utroque
1321 621 1709 722 dependen
1770 651 1816 696 a
1864 632 2061 715 erat,
2134 648 2276 723 pro
2330 651 2728 699 causarum

558 724 957 796 varietate.
1055 723 1390 793 Primum
1455 725 1648 794 euim
1712 725 1786 793 in
1852 724 2165 820 privatis
2215 726 2502 815 causis,
2579 737 2732 796 una

563 823 782 901 αἰκίας
829 819 1307 901 (iniuriarum
1366 816 1725 908 reaiium)
1778 824 2073 892 actione
2125 827 2444 917 excepta
2494 824 2728 892 omni-

464 933 483 945 ·
565 906 754 1005 bus,
829 941 1020 1012 quae
1086 915 1380 1013 quidem
1445 924 1737 988 centum
1805 913 2320 988 drachmarum
2372 942 2729 996 summam

567 1008 1049 1103 excederent,
1102 1019 1573 1085 sacramenta
1623 1010 1716 1085 ab
1764 1020 2088 1113 utroque
2139 1012 2733 1110 deponebantur,

565 1100 711 1177 hac
760 1110 1008 1181 tamen
1057 1105 1269 1206 lege,
1338 1111 1423 1181 ut
1486 1112 1614 1210 qui
1662 1111 2002 1204 vicisset,
2074 1113 2546 1183 sacramenta
2593 1137 2736 1184 sua

567 1200 665 1275 ab
717 1202 1150 1280 adversario
1217 1209 1726 1304 recuperaret.
1820 1207 2063 1280 Erant
2124 1212 2372 1279 autem
2420 1211 2499 1281 in
2552 1233 2729 1279 cau-

568 1303 675 1371 sis
725 1299 1167 1393 minoribuS,
1232 1328 1424 1403 quae
1477 1307 1674 1376 intra
1719 1301 1920 1377 mille
1972 1302 2488 1378 drachmarum
2540 1330 2733 1377 sum-

565 1421 762 1470 mam
841 1402 1378 1489 consisterent,
1457 1404 1721 1475 ternae
1788 1398 1884 1473 ab
1948 1406 2268 1500 utroque
2333 1400 2733 1474 drachmae

570 1490 1103 1593 deponendae3
1173 1499 1251 1568 in
1299 1494 1748 1591 maioribus,
1826 1524 2064 1598 usque
2116 1497 2211 1570 ad
2263 1496 2521 1571 decem
2571 1498 2733 1571 mil-

566 1588 712 1683 lia,
774 1594 1109 1666 tricenae
1146 1595 1265 1687 ¹⁸).
1363 1601 1450 1671 In
1499 1592 1826 1695 pubiicis
1876 1598 2124 1668 causis
2174 1603 2642 1669 sacramenta
2688 1621 2736 1668 a

564 1713 703 1761 reo
755 1688 996 1783 nulia,
1079 1687 1175 1764 ab
1237 1694 1498 1766 actore
1549 1701 1705 1766 tum
1755 1690 2043 1766 demum
2092 1691 2444 1791 ponenda
2495 1695 2735 1787 eraut,

568 1788 635 1857 si
684 1813 978 1885 poenae
1027 1791 1414 1887 irrogatae
1462 1815 1646 1888 pars
1694 1788 2056 1888 quaedam
2093 1793 2236 1888 ipsi
2276 1816 2586 1863 cessura
2624 1816 2737 1862 es-

570 1886 724 1977 set,
805 1886 893 1957 ut
956 1885 1192 1959 videri
1241 1893 1504 1984 posset
1552 1914 1701 1959 non
1755 1890 1866 1959 rei
1911 1883 2257 1986 publicae
2309 1891 2549 1961 solum
2600 1885 2736 1960 sed

570 1982 691 2052 sui
765 2006 1061 2081 quoque
1127 1985 1398 2080 privati
1461 1982 1830 2058 commodi
1892 2009 2115 2056 causa
2166 2009 2396 2081 agere
2434 1987 2545 2069 ¹9).
2589 1981 2598 1990 ’
2645 1986 2734 2056 In

567 2074 878 2176 reliquis
946 2078 1129 2152 nihil
1195 2086 1498 2177 praeter
1547 2087 1954 2172 παράστασιν
2002 2084 2218 2152 actor
2269 2077 2735 2173 numerabat,

572 2198 883 2274 eamque
932 2179 956 2247 i
1014 2201 1170 2249 sam
1218 2182 1734 2275 perexiguam,
1787 2203 1879 2251 ne
1928 2203 2144 2275 quem
2194 2184 2532 2278 sumptus
2584 2204 2736 2249 ma-

566 2271 890 2369 gnitudo
944 2202 1398 2348 femen-reret:
1448 2278 1665 2349 erant
1692 2282 1962 2364 autem,
2014 2279 2088 2348 in
2120 2275 2388 2374 quibus
2425 2300 2519 2347 ne
2555 2274 2740 2347 hacc

577 2367 873 2468 quidem
925 2372 1384 2446 numeranda
1437 2377 1662 2464 esset,
1713 2372 1916 2446 vetut
1940 2377 2015 2446 in
2042 2378 2401 2458 εἰσαγγελίᾳ
2423 2373 2546 2469 2⁰).
2598 2374 2735 2443 Di-

571 2492 796 2541 versa
859 2472 1111 2543 autem
1183 2470 1279 2545 ab
1335 2471 1450 2545 his
1499 2474 1842 2572 pecuniis
1896 2497 1988 2544 ea
2040 2472 2194 2559 est,
2272 2494 2470 2570 quae
2520 2497 2738 2559 παρα-

570 2571 897 2658 καταβολὴ
951 2567 1249 2643 dicitur.
1353 2573 1573 2643 Hanc
1626 2577 1845 2643 actor
1897 2569 2113 2641 solus
2166 2565 2610 2665 deponebat
2647 2571 2739 2641 ¹in

490 2740 493 2745 ,
575 2662 1045 2738 instituenda
1108 2672 1453 2760 actione,
1531 2665 2194 2765 recuperabatque
2273 2668 2337 2737 ‘si
2406 2669 2752 2759 vicisset,-

578 2759 980 2836 ‘amittebat
1032 2771 1311 2858 autem,
1364 2770 1430 2839 si
1483 2771 1618 2838 aut
1670 2764 2138 2837 deseruisset
2189 2765 2560 2836 actionem
2611 2771 2744 2835 aut

578 2862 832 2934 victus
889 2867 1123 2953 esset,
1180 2868 1413 2964 quasi„
1459 2860 1843 2963 quandam
1898 2887 2225 2962 poenam
2260 2866 2545 2935 temere
2589 2862 2738 2934 liti-

575 2958 957 3056 gandi²¹).
1062 2961 1544 3060 Deponenda
1595 2969 1847 3036 autem
1897 2962 2405 3050 παρακαταβολὴ
2464 2960 2740 3032 eratin

581 3057 1039 3158 quibusdam
1112 3059 1559 3133 hereditatis
1629 3059 2156 3159 petitionibuS,
2223 3057 2513 3130 decima
2562 3084 2746 3154 pars

498 3202 511 3213 κ
576 3155 1003 3248 bonorum,
1087 3162 1156 3231 si
1207 3160 1383 3260 quis
1433 3160 1568 3231 aut
1619 3156 2124 3232 adiudicatum
2175 3152 2396 3227 alteri
2449 3153 2745 3228 heredi-

581 3250 815 3327 tatem
866 3258 1198 3354 peteret,
1262 3264 1396 3333 aut
1443 3256 1778 3330 nondam
1830 3252 2330 3328 adiudicatum
2380 3255 2492 3326 ita
2537 3256 2747 3352 pete-

703 3546 820 3640 '17)
861 3569 1011 3630 nfid.
1048 3592 1103 3644 p.
1142 3570 1248 3626 624
1285 3591 1370 3644 sq.

675 3699 822 3828 6¹128)
860 3699 1001 3827 16⁷3}
1038 3695 1293 3750 Boeckh.
1332 3673 1402 3751 de
1443 3715 1561 3751 oec.
1596 3717 1642 3752 r.
1677 3718 1730 3770 Ρ.
1766 3700 1838 3752 Λ.
1876 3699 1906 3751 1
1940 3715 1993 3767 p.
2031 3691 2357 3749 369-373.
2427 3693 2595 3746 Proc.
2630 3694 2748 3747 Au.

579 3790 637 3843 P·
754 3788 760 3797 '
802 3801 861 3813 “³
988 3810 1002 3826 ο
2485 3788 2488 3793 “

698 3894 825 3967 ,19)
876 3897 1066 3950 Unum
1112 3892 1285 3947 huius
1333 3896 1418 3947 rei
1480 3893 1800 3965 exemplum
1856 3911 1887 3945 c
1935 3888 2234 3945 Demosth.
2291 3891 2351 3941 in
2401 3889 2643 3940 Macart.
2697 3906 2751 3955 p.

588 3967 745 4035 1074,
783 3970 853 4024 19
892 3968 1084 4022 attulit
1119 3965 1375 4020 Boeckh.
1413 3966 1451 4018 l.
1489 3966 1527 4018 l.
1564 3987 1617 4037 Ρ.
1656 3967 1780 4032 376,
1820 3964 1974 4037 quod
2013 3967 2148 4036 quin
2189 3961 2259 4013 ad
2289 3960 2454 4030 φάσιν
2478 3960 2759 4042 pertineat

587 4037 835 4095 dubitari
890 4058 1009 4093 non
1055 4046 1262 4110 potest.
1334 4038 1474 4092 vid.
1512 4038 1754 4092 Heffter.
1803 4057 1858 4108 Ρ.
1898 4037 2019 4091 186.
2092 4036 2250 4087 Idem
2300 4034 2586 4085 coniicere
2622 4029 2760 4080 lucet

591 4114 761 4167 etiam
798 4116 858 4168 in
898 4113 1236 4185 ἀπογραφαῖς
1264 4109 1495 4178 factum,
1534 4111 1607 4164 de
1645 4110 1850 4182 quibus
1889 4108 2005 4164 vid.
2046 4106 2101 4175 §-
2128 4108 2215 4159 511.

729 4239 832 4307 20)
864 4236 1124 4292 -Boeckln
1163 4235 1206 4291 l.
1242 4235 1280 4290 l.
1315 4257 1372 4309 Ρ.
1409 4237 1539 4291 373.
1610 4237 1777 4290 Proc.
1811 4235 1934 4288 Au.
1970 4252 2026 4305 Ρ.
2063 4231 2186 4287 614.

731 4343 832 4417 21)
871 4348 1040 4401 Proc.
1077 4349 1201 4400 Au.
1237 4364 1296 4418 Ρ.
1334 4343 1441 4399 616
1476 4361 1564 4415 sq.
