3067 4975
575 343 723 419 322
988 340 1069 412 V.
1115 339 1235 411 De
1281 361 1371 409 re
1411 336 1727 436 publica
1773 337 2365 415 Athenaebnsmm.

591 529 682 613 C,
731 528 781 600 3
843 519 1208 595 archonte
1259 518 1677 591 Nausinico
1751 520 1937 592 inita
1984 521 2249 614 est¹¹):
2327 548 2768 627 quamquam

594 620 837 725 qualis
891 617 1074 694 baec
1122 613 1355 689 suerit
1404 640 1557 687 non
1608 617 1794 688 satis
1842 615 2100 716 liquet.
2202 619 2530 694 Tantum
2585 651 2766 698 con-

588 724 769 810 stat,
817 720 896 789 in
945 717 1182 812 prima
1233 709 1478 784 classe
1526 738 1729 784 nunc
1779 738 2051 787 censos
2102 740 2272 789 esse
2323 721 2448 817 qui
2484 718 2768 797 talenta

591 818 748 894 ΧΠ
800 820 930 885 aut
978 808 1294 907 amplius
1342 805 1748 898 haberent,
1815 808 2100 883 tributa
2151 816 2398 887 autem
2450 812 2565 888 bis
2614 845 2768 892 non

595 914 690 986 de
742 911 946 983 omni
996 933 1252 997 censu,
1303 903 1436 978 sed
1490 902 1584 978 de
1683 908 1893 980 uinta
1943 910 2228 981 tantum
2265 913 2484 1007 parte
2517 911 2768 989 danda

594 1009 966 1097 suisse12).
1064 1001 1413 1077 Universi
1459 933 1726 1100 populli
1775 1030 2046 1077 census
2098 1031 2189 1078 ea
2234 1032 2443 1104 pam,
2495 1007 2588 1083 de
2623 1036 2769 1110 qua

595 1104 958 1180 tributum
1026 1096 1354 1173 conferri
1398 1103 1849 1195 oporteret,
1929 1104 2321 1176 aestimata
2380 1103 2512 1184 illo
2579 1109 2766 1181 tem-

593 1228 785 1303 pore
838 1197 1109 1273 dicitur
1156 1221 1298 1269 sex
1349 1195 1546 1269 mille
1596 1194 1756 1268 fere
1807 1194 2245 1291 talentis¹³).
2344 1203 2769 1278 Coniuncta

601 1307 845 1373 autem
919 1321 1083 1369 cum
1151 1292 1290 1366 bac
1348 1318 1550 1365 nova
1609 1291 1957 1387 classium
2023 1286 2533 1395 desei-iptione
2578 1303 2767 1374 'erat

599 1399 820 1471 etiam
901 1393 1466 1489 symmoriarum
1535 1387 1948 1484 ordinatio,
2036 1417 2257 1494 quum
2328 1420 2369 1468 e
2446 1396 2767 1495 singulis

599 1489 953 1566 tribubus
1004 1492 1140 1561 viri
1193 1489 1487 1560 centeni
1541 1488 1619 1559 et
1667 1489 1931 1576 viceni,
2035 1492 2108 1559 ui
2157 1491 2483 1564 maximo
2538 1520 2767 1568 censu

601 1591 852 1676 erant,
931 1590 1007 1658 in
1076 1581 1295 1657 binas
1345 1585 1794 1677 symmorias
1845 1513 2410 1680 dividerentur„
2469 1591 2766 1662 utunt-

601 1689 800 1760 versi
865 1683 1121 1757 essent
1183 1677 1378 1752 mille
1441 1676 1782 1771 ducenti,
1864 1685 2309 1779 symmoriae
2361 1689 2607 1757 autem
2658 1689 2764 1759 vi-

580 1785 822 1879 giuti,
899 1800 1209 1880 quarum
1252 1802 1423 1872 runa
1487 1800 1829 1874 quaeque
1898 1781 2306 1875 sexaginta
2354 1784 2532 1854 viris
2582 1809 2762 1855 con-

597 1881 853 1952 staret.
952 1877 1075 1949 Ex
1124 1872 1234 1962 his
1283 1898 1549 1946 rursus
1600 1873 1802 1971 quini
1854 1870 2050 1967 deni,
2100 1877 2226 1973 qui
2279 1882 2602 1952 omnium
2655 1878 2765 1954 di-

514 2039 522 2046 .
596 1977 864 2049 tissimi
915 1975 1154 2060 erant,
1204 1966 1717 2066 capiebantur,
1766 1970 1851 2041 ut
1899 1994 1997 2042 ex
2045 1973 2304 2068 vig-inti
2336 1980 2763 2069 symmoriis

595 2070 1143 2146 conficerentur
1209 2068 1523 2140 trecenti
1556 2062 1679 2160 ¹⁴).
1788 2067 1890 2139 ni
1949 2067 2029 2139 iu
2091 2067 2569 2146 conferendis
2632 2075 2764 2148 tri-

597 2325 823 2402 cuitque
858 2332 1055 2400 τίμημα
1090 2328 1318 2400 proprie
1357 2334 1623 2383 vocatum
1657 2346 1783 2383 esse
1821 2345 1942 2382 eam
1986 2345 2190 2382 census
2234 2336 2488 2402 parterm·
2538 2332 2609 2387 de
2645 2353 2759 2406 qua

591 2404 865 2457 tributum
916 2400 1274 2471 pendendum
1324 2408 1490 2454 esset.
1569 2404 1772 2473 Itaque
1819 2402 1869 2453 si
1916 2402 2519 2472 pentacosiomedimni
2561 2409 2757 2477 τίμημα

592 2476 868 2530 talentum
923 2491 1047 2525 esse
1093 2491 1373 2544 ponamus
1412 2470 1561 2541 (vid.
1599 2470 1851 2526 Boeckh.
1888 2470 1928 2525 l.
1966 2470 2053 2538 l.)‚
2091 2472 2363 2527 tributum
2405 2497 2476 2528 ue
2514 2480 2758 2532 centesi-

591 2567 719 2600 mae
755 2549 1118 2615 imperatum,
1174 2543 1260 2597 illi
1308 2548 1620 2597 centesima
1666 2562 1796 2615 pars
1834 2543 2034 2596 talenti
2069 2542 2126 2595 h.
2167 2564 2217 2599 e.
2257 2546 2390 2598 drac
2430 2566 2556 2602 mae
2591 2568 2756 2602 sexa·

588 2622 751 2686 ginta
783 2614 1120 2687 pendendae
1157 2622 1338 2667 erant.
1408 2617 1604 2687 Eques
1642 2623 1831 2667 autem
1868 2617 1928 2666 in
1961 2614 2206 2686 τιμήματι
2227 2624 2313 2669 ter
2336 2619 2492 2673 mille
2517 2639 2755 2673 sexcen-

589 2702 774 2741 tarum
815 2683 1224 2747 drachmarum,
1261 2686 1413 2756 quod
1450 2691 1742 2739 minimum
1778 2686 1889 2737 fuit
1924 2687 1985 2739 in
2022 2683 2131 2738 hac
2153 2687 2354 2749 classe,
2390 2693 2754 2745 centesimam

592 2760 765 2812 dabat
807 2775 926 2809 non
977 2758 1088 2808 nisi
1127 2756 1198 2808 de
1235 2756 1488 2809 decunce
1538 2757 1595 2812 h.
1635 2776 1684 2810 e.
1725 2757 1797 2809 de
1833 2755 2114 2811 drachmis
2151 2762 2240 2811 ter
2275 2760 2459 2828 mille,
2515 2781 2752 2834 quarum

591 2831 904 2885 centesima
949 2834 1175 2881 constat
1224 2827 1503 2880 drachmis
1540 2831 1790 2897 triginta.
1863 2829 2101 2896 Zygites
2139 2829 2384 2901 denique
2419 2835 2478 2884 in
2513 2835 2758 2905 τιμήματι

590 2901 748 2954 mille
805 2902 1257 2967 octingentarum
1308 2902 1675 2953 centesimam
1715 2899 1889 2952 dabat
1926 2898 1997 2951 de
2032 2899 2191 2952 mille
2234 2901 2536 2965 drachmis,
2596 2905 2651 2959 h.
2701 2926 2754 2960 e.

589 2972 887 3025 drachmas
934 2972 1148 3023 decem.
1235 2971 1386 3022 Hinc
1434 2973 1549 3024 iam
1599 2971 1870 3043 explicari
1917 2977 2107 3040 potest
2149 2971 2363 3025 Pollux
2410 2976 2570 3044 vm,
2620 2979 2752 3031 1302

590 3045 861 3110 ἀνήλισκον
895 3042 951 3095 δὲ
990 3037 1069 3110 (02
1100 3041 1654 3114 πεντακοσιομὲδὶμνοι)
1690 3045 1759 3098 εἷς
1785 3039 1839 3094 τὸ
1875 3040 2121 3110 δημόσιον
2150 3043 2395 3097 τάλαντον
2404 3085 2422 3110 ‚
2480 3049 2534 3099 οἱ
2575 3048 2630 3100 δὲ
2661 3045 2753 3114 τὴν

587 3116 795 3169 ἱππάδα
836 3112 1075 3168 τελοῦντες
1106 3142 1174 3154 -
1210 3112 1569 3183 ἡμιτάλαντον,
1637 3113 1689 3167 οἱ
1731 3112 1788 3166 δὲ
1833 3109 1888 3166 τό
1922 3115 2142 3183 ζυγίσιον
2168 3114 2408 3172 τελοῦντες
2432 3117 2571 3188 μνᾶς
2599 3119 2743 3174 δέκα.

588 3190 871 3240 Nimirum
911 3203 1057 3256 quae
1095 3183 1196 3236 ille
1235 3202 1334 3236 eos
1372 3184 1668 3254 &muoz-sur
1703 3184 1869 3251 dicit,
1924 3184 2186 3253 τιμήματα
2233 3194 2371 3238 sunt
2405 3206 2475 3240 ea
2514 3189 2584 3242 de
2622 3193 2749 3261 qui·

588 3259 698 3310 bus
743 3257 1013 3308 tributum
1062 3255 1438 3326 pendebatur.
1513 3259 1599 3310 De
1635 3255 1746 3308 hoc
1790 3273 1899 3307 usu
1934 3255 2099 3307 verbi
2136 3256 2432 3310 ἀναλίσκειν
2462 3260 2749 3333 similique

588 3327 821 3380 alterius
854 3328 1099 3399 εἰσφέρειν
1133 3326 1205 3378 cf.
1241 3329 1307 3379 F.
1346 3329 1417 3380 G*
1453 3328 1737 3393 Parreidt,
1776 3326 1848 3380 de
1883 3326 2147 3379 instituto
2186 3347 2255 3379 eo
2290 3328 2748 3399 Atheniensium,

585 3403 746 3450 cuius
808 3398 1222 3449 ordinationem
1283 3400 1345 3451 in
1411 3416 1497 3453 or.
1567 3417 1625 3453 π.
1688 3397 1989 3473 συμμοριῶν
2042 3397 2463 3455 Demosthenes
2522 3404 2747 3458 suadet.

583 3467 881 3537 (magdeb.
921 3468 1073 3521 1836.
1108 3466 1166 3532 8)
1202 3488 1256 3539 Ρ.
1294 3470 1381 3522 12.

723 3570 821 3642 lt)
859 3571 999 3625 vid.
1037 3571 1292 3625 Boeckh.
1329 3571 1371 3625 1.
1407 3571 1447 3625 1.
1484 3585 1546 3640 P.
1582 3574 1655 3629 5⁰
1692 3591 1814 3646 sqq.

721 3676 826 3746 12)
864 3678 945 3733 Ut
979 3697 1039 3734 v.
1077 3697 1127 3733 c.
1167 3681 1264 3751 qui
1301 3680 1621 3751 quindecim
1662 3679 1878 3734 talenta
1910 3679 2166 3751 liaberet,
2200 3687 2250 3739 si
2276 3688 2618 3740 centesimae
2642 3691 2745 3742 tri-

576 3751 776 3804 lmtum
811 3751 1145 3821 imperatum
1185 3759 1353 3815 esset,
1390 3751 1779 3806 contribueret
1814 3753 1884 3805 de
1919 3754 2102 3807 tribus
2127 3757 2371 3822 talentis,
2406 3756 2462 3809 h.
2490 3778 2540 3812 e.
2568 3761 2741 3814 tsooo

578 3821 892 3888 drachmis,
946 3820 1246 3877 drachmas
1293 3833 1520 3875 centum
1571 3833 1629 3876 et
1676 3829 1986 3893 octoginta.
2054 3826 2430 3900 Reliquarum
2469 3829 2739 3883 classium

571 3913 681 3946 nec
726 3911 1000 3946 numerus
1044 3911 1155 3946 nec
1205 3912 1412 3947 census
1456 3913 1567 3947 nec
1612 3897 2014 3949 contribuendi
2060 3898 2264 3952 modus
2313 3901 2572 3956 traditur.
2647 3902 2741 3957 Cf.

568 3963 823 4018 Boeckh.
857 3983 913 4036 Ρ.
947 3965 1039 4019 53.

714 4070 815 4126 13)
863 4073 1204 4124 Accuratius
1253 4072 1604 4126 VMDch.
1674 4073 1814 4127 Vid.
1864 4074 2121 4130 Boeckh.
2158 4096 2209 4148 p.
2247 4079 2475 4133 21—26.
2546 4079 2736 4133 Aliter

568 4145 768 4196 statuit
800 4142 1065 4195 Parreidt
1104 4142 1386 4201 dissertat.
1423 4141 1577 4196 laud.
1615 4163 1672 4215 Ρ.
1709 4145 1797 4212 15,
1836 4148 1996 4200 cuius
2032 4151 2285 4202 rationes
2323 4158 2591 4204 excutere
2615 4170 2731 4205 nou

570 4225 658 4267 est
691 4213 861 4267 huius
897 4212 1030 4271 loci.

668 4314 673 4317 ⁷
710 4315 811 4388 14)
846 4319 1100 4376 Boeckli.
1135 4340 1193 4393 Ρ.
1231 4320 1459 4376 59-69.
1529 4321 1621 4373 De
1671 4312 2105 4391 symmoriarum
2147 4327 2529 4400 descriptione
2565 4347 2727 4401 prae-
