3067 4975
546 349 695 426 318
948 347 1030 422 V.
1076 347 1196 470 De
1242 370 1333 420 re
1365 331 1685 448 publica
1738 346 2323 462 Athem‘ensbum.

548 558 808 609 eorum
856 525 1246 619 inferrent,
1297 528 1706 604 cavebatur
1752 556 1976 631 quum
1994 527 2528 631 praedibusss)
2559 535 2718 610 tum

546 634 830 705 severis
899 626 1520 725 praestandarum
1595 629 1793 702 stato
1872 638 2209 728 tempore
2328 635 2720 707 ensionum

449 759 455 769 ¹
544 725 886 825 legibus,
964 749 1152 823 quas
1215 726 1341 824 qui
1400 751 1552 798 non
1614 735 2003 800 servarent
2053 729 2269 801 vincu
2297 732 2362 799 is
2411 754 2719 803 coerce-

545 823 825 899 bantur
849 823 968 919 ¹4).
1091 824 1445 894 Ceterum
1521 848 1616 896 ne
1691 849 1738 895 a
1799 829 2118 924 quaestu
2176 826 2719 923 impedirentur

541 925 1070 995 immunitatem
1118 917 1421 991 militiae
1472 917 2019 1018 habehantffl),
2114 930 2719 1023 promptumque,

544 1023 610 1093 si
672 1022 842 1121 quis
907 1013 1161 1091 debita
1204 1018 1393 1115 ipsis
1441 1041 1595 1090 non
1642 1018 2107 1116 praestaret,
2179 1016 2436 1118 legum
2498 1024 2715 1095 auxi-

540 1115 717 1190 lium
742 1117 865 1212 ¹⁶).
980 1197 991 1210 ,

1389 1330 1458 1409 5.
1508 1315 1861 1396 LXXVI.
2708 1415 2715 1421 .

739 1446 1043 1537 Quarto
1108 1446 1281 1523 loco
1345 1448 1730 1547 sportulas
1787 1473 2262 1524 numeramus
2313 1475 2359 1523 a
2404 1449 2712 1551 litigan-

541 1544 744 1620 tibus
790 1542 1254 1643 pendendas,
1302 1562 1659 1637 πρυτανεῖα
1703 1547 1781 1620 et
1821 1554 2245 1640 παράστασιν,
2340 1574 2482 1623 uae
2516 1577 2710 1624 sem..

540 1665 680 1742 per
705 1646 816 1717 rei
841 1640 1189 1739 publicae
1215 1639 1623 1717 cedebantz
1671 1643 2242 1741 itempecunias
2271 1646 2297 1717 i
2331 1645 2462 1737 las,
2514 1672 2709 1747 quae

538 1765 682 1839 pro
753 1740 1103 1812 cantione
1163 1742 1441 1814 temere
1512 1738 1861 1838 litigandi
1925 1738 2415 1839 deponendae
2466 1754 2709 1840 eraut,

537 1839 1106 1928 παρακαταβολάς,
1173 1862 1361 1936 quas
1412 1836 1732 1937 quidem,
1795 1840 1866 1910 si
1914 1841 2080 1934 quis
2129 1836 2492 1916 adversus
2541 1867 2703 1916 rem

537 1930 911 2032 publicam
978 1931 1071 2007 de
1132 1931 1358 2007 bonis
1404 1931 1805 2033 publicatis
1853 1933 2221 2032 litigaret,
2297 1939 2413 2009 rei
2510 1936 2706 2011 ubli-

540 2056 675 2103 cae
726 2033 1046 2103 cessisse
1076 2030 1551 2122 ,manifestum
1573 2040 1722 2105 est:
1772 2057 2010 2132 porro
2044 2031 2241 2106 mille
2279 2031 2462 2107 drac
2513 2061 2703 2131 mae,

541 2123 810 2226 quibus
868 2125 1423 2201 mulctabantur
1489 2131 1614 2228 qui
1685 2135 1814 2202 aut
1886 2125 2395 2203 deseruissent
2466 2133 2708 2229 publi·-

541 2249 705 2296 cam
780 2227 1192 2297 actionem·
1227 2230 1359 2297 aut
1423 2228 1751 2326 quintam
1814 2229 2108 2324 partem
2169 2225 2707 2326 suffragiorum

534 2347 689 2404 non
757 2319 1135 2394 tulissent:
1228 2321 1541 2395 aliarum
1614 2320 2056 2398 muletarum
2123 2327 2325 2396 varia
2388 2349 2702 2423 genera,

534 2421 890 2518 imprimis
952 2422 1030 2491 iu
1084 2421 1331 2493 causis
1377 2435 1687 2510 τιμηταῖς,
1766 2445 2075 2522 quarum
2139 2422 2702 2498 aestimationes

534 2512 1076 2615 saepenumero
1141 2520 1371 2591 mirae
1431 2520 1606 2594 sunt
1666 2516 2220 2616 magnitudinis,
2297 2545 2535 2620 usque
2601 2521 2698 2596 ad

586 2617 1107 2713 uinquaginta,
1200 2619 1373 2712 quin
1449 2614 1547 2687 ad
1627 2623 1921 2689 centum
2001 2614 2193 2688 adeo
2274 2615 2558 2691 talenta
2587 2618 2695 2714 ¹):

532 2639 846 2811 denique
924 2710 1476 2808 publicationes
1551 2708 1924 2784 bonorum
1951 2712 2062 2805 2),
2151 2738 2338 2812 quas
2405 2718 2698 2813 pariter

528 2834 696 2881 cum
770 2805 1209 2903 ingentibus
1268 2806 1565 2881 mulctis
1639 2834 1789 2881 non
1868 2834 2048 2881 raro
2115 2835 2160 2882 a
2225 2820 2491 2885 senatu
2561 2815 2694 2888 aut

528 2930 575 2978 a
631 2903 1004 2980 iudicibus
1067 2931 1159 2978 eo
1227 2902 1575 2979 libentius
1640 2906 1985 2979 decretas
2058 2931 2265 2998 esse,
2368 2934 2517 3008 quo
2577 2910 2693 2984 lo-

527 3001 1037 3101 cupletaretur
1087 3006 1484 3096 aerarium,
1532 3028 1681 3076 non
1717 3006 1989 3076 iniuria
2018 3002 2345 3078 fortasse
2375 3010 2693 3106 scripto-

523 3125 651 3174 res
701 3108 1115 3203 queruntur
1141 3101 1230 3197 3).
1333 3102 1689 3175 Ceterum
1753 3098 1974 3174 buius
2033 3099 2408 3175 redituum
2455 3130 2693 3203 gene-

663 3409 763 3483 13)
801 3413 1098 3469 Demosth.
1129 3416 1194 3468 in
1231 3417 1482 3470 Timocr.
1516 3432 1573 3484 p.
1612 3412 1734 3480 713,
1770 3413 1870 3467 ubi
1908 3412 2337 3485 distinguuntur
2370 3413 2422 3470 οἱ
2455 3413 2689 3486 ‹nimbus-

515 3483 695 3613 χοῖ
724 3487 938 3613 Ξλίἶέδυῑ
957 3485 1280 3612 {randum
1315 3493 1374 3540 et
1405 3487 1456 3540 οῖ
1485 3487 1783 3557 ἐκλέγοντες.
1832 3487 1925 3540 lta
1961 3494 2019 3540 et
2050 3507 2108 3559 Ρ.
2147 3489 2267 3557 745,
2305 3487 2391 3543 13.
2440 3487 2687 3542 carlu-

658 3661 757 3733 14)
804 3663 1058 3718 ΒοοοΙιΙι.
1092 3664 1125 3717 1
1168 3684 1227 3737 Ρ.
1271 3665 1379 3719 362
1425 3683 1548 3736 sqq.
1622 3663 1710 3718 Cf.
1745 3665 1945 3719 Meier.
1986 3664 2058 3718 de
2092 3664 2227 3720 bon.
2257 3664 2448 3720 damu.
2487 3687 2543 3740 p·
2580 3662 2690 3723 138

512 3752 632 3808 sqq.
704 3736 1007 3808 Lelyveld.
1047 3737 1117 3790 cle
1152 3736 1388 3790 infamia
1423 3756 1478 3809 Ρ.
1518 3736 1624 3790 195
1658 3755 1779 3809 sqq.

656 3807 755 3876 15)
794 3812 892 3862 Or.
932 3813 994 3864 in
1030 3811 1244 3864 Neaer.
1278 3827 1335 3880 Ρ.
1371 3809 1530 3879 1353,
1570 3811 1659 3862 24.

648 3913 745 3982 16)
783 3917 874 3969 De
910 3915 1064 3988 φάσει
1095 3914 1216 3970 vid.
1253 3933 1427 3987 supra
1465 3933 1589 3987 cap.
1627 3915 1661 3969 6
1697 3913 1746 3980 5.
1783 3914 1873 3982 54,
1907 3914 1956 3968 2.

644 4020 703 4084 1)
740 4023 1022 4096 Exempla
1056 4023 1395 4077 muletarum
1431 4012 1768 4076 Boeckhius
1803 4019 2038 4091 collegit
2070 4027 2207 4076 tom.
2242 4019 2275 4072 1
2298 4040 2353 4093 p.
2380 4023 2683 4080 402—415.

643 4126 708 4198 2)
760 4132 966 4184 Meier.
1002 4130 1074 4184 de
1107 4131 1243 4184 bon.
1295 4130 1482 4183 damn.
1520 4149 1579 4203 p.
1619 4129 1903 4183 144-152
1941 4132 1999 4182 et
2037 4128 2336 4183 167-201.
2409 4133 2503 4185 De
2542 4130 2679 4186 ἄπο·-

501 4201 687 4274 γραφῇ
724 4203 1006 4256 bonorum
1044 4203 1480 4275 publicatorum,
1527 4202 1601 4255 de
1637 4201 1972 4254 venditione
2009 4219 2112 4272 per
2146 4199 2403 4272 polens,
2466 4204 2536 4257 de
2577 4206 2681 4257 de-

502 4274 662 4324 cimis
709 4275 1010 4328 Minervae
1057 4278 1435 4339 consecratis,
1475 4274 1568 4327 *de
1617 4275 2023 4327 controversiis
2073 4290 2108 4324 a
2152 4276 2391 4343 privatis
2436 4283 2678 4348 propter
2776 4320 2784 4327 .

495 4341 788 4411 publicata
810 4345 989 4402 .bona
1032 4351 1118 4402 rei
1162 4349 1432 4421 publicae
1473 4347 1645 4400 motis
1694 4344 1938 4418 aliisque
1982 4344 2047 4399 id
2090 4361 2273 4413 genus
2321 4345 2439 4400 vid.
2490 4348 2570 4404 id.
2616 4368 2677 4422 Ρ.
