3067 4975
784 350 862 422 V.
909 349 1029 422 De
1076 371 1165 419 re
1202 345 1519 445 publica
1565 345 2153 422 Atheniensium.
2400 346 2542 420 173

381 526 745 632 quosdam
812 553 872 600 s.
933 548 1351 600 naucraros
1421 524 1844 622 habebant,
1891 523 2031 628 ‘qui
2093 535 2342 602 utrum
2395 530 2545 601 siu-

385 626 546 724 guli
603 654 696 698 an
747 623 1018 723 'plures
1089 623 1370 698 suerint
1417 623 1743 698 dubitari
1792 626 2070 724 potest.
2171 623 2546 698 Probabi-

381 725 527 798 lius
578 730 826 794 tamen
875 723 1163 793 videtur
1208 720 1468 820 plures
1498 719 1956 819 singularum
1985 726 2548 811 naucrariarum

383 816 819 921 praefectos
887 816 1161 910 fnisse,
1223 823 1539 917 propter
1597 817 1674 892 id
1724 821 1965 917 ipsum
2018 817 2218 919 quod
2268 820 2545 915 Pryta-

383 944 519 991 ues
603 940 860 988 eorum
932 923 1642 1008 commemorantur,
1720 941 1912 1014 quos
1984 922 2407 989 ceterorum
2469 918 2548 986 in

385 1040 521 1087 sua
574 1037 939 1113 quemque
1003 1017 1401 1085 naucraria
1459 1015 1698 1111 princi
1758 1039 1842 1086 es
1903 1010 2141 1085 fuisse
2192 1011 2422 1086 credo
2452 1012 2589 1104 ⁷)-

382 1113 672 1184 Horum
725 1110 943 1181 etiam
990 1112 1067 1182 in
1118 1134 1402 1183 summa
1451 1134 1534 1183 re
1594 1135 1697 1208 pu
1754 1109 1895 1182 lica
1957 1105 2550 1182 administranda

386 1207 584 1282 haud
653 1210 980 1301 exiguae
1043 1210 1305 1305 parles
1364 1204 1600 1280 fuisse
1681 1206 2025 1280 videntur
2051 1206 2141 1300 ⁸),
2191 1208 2549 1304 imprimis

386 1309 454 1379 si
518 1302 695 1404 quid
757 1300 1146 1376 incidisset
1209 1328 1373 1376 cum
1444 1329 1528 1376 re
1590 1303 1892 1377 militari
1966 1331 2056 1377 ac
2116 1304 2554 1403 pecuniaria

388 1406 861 1475 coniunctum
886 1403 982 1496 ⁹).
1033 1438 1128 1458 --
1226 1404 1319 1474 At
1369 1426 1464 1473 ue
1525 1398 1698 1473 huic
1758 1406 2158 1500 prytanum
2222 1398 2549 1496 collegio

390 1503 614 1571 eiiam
657 1524 790 1570 eos
842 1499 969 1595 qui
1002 1499 1328 1585 Φυλοβασι
1401 1505 1848 1577 revocantur
1874 1498 1994 1591 ¹⁰),
2049 1509 2124 1572 et
2208 1500 2558 1571 raeterea

384 1594 716 1668 fortasse
781 1619 1046 1666 novem
1114 1619 1412 1693 quoque
1474 1594 1902 1670 Archontes
1958 1599 2155 1670 iuter
2189 1590 2391 1669 uisse
2456 1614 2557 1664 ex

388 1692 680 1767 indiciis
731 1689 1172 1791 quibusdam
1226 1689 1482 1788 colligi
1528 1692 1937 1791 potest¹¹).

976 1818 1011 1841 ,ς
1042 1818 1083 1854 ,,

1306 1897 1375 1976 §-
1426 1895 1633 1976 VIII.

541 2046 935 2144 oppresso
988 2042 1237 2117 autem
1289 2042 1583 2143 Cylone
1633 2046 1710 2119 et
1756 2042 2306 2118 Alcmaeonidis
2357 2070 2399 2119 e
2450 2046 2556 2119 ei·-

390 2144 617 2218 vitate
667 2145 928 2216 eiectis
980 2140 1364 2214 recruduit
1414 2167 1594 2215 mox
1642 2143 1913 2216 seditio
1967 2147 2357 2242 omnisque
2416 2169 2557 2240 po-

391 2242 613 2342 pulus
661 2242 738 2310 in
788 2246 946 2311 tres
996 2236 1368 2311 sactiones
1406 2238 1778 2331 discessit,
1829 2241 2209 2329 Diacrios,
2263 2243 2389 2340 qui
2418 2265 2558 2336 po-

387 2336 652 2439 pulare
701 2338 1089 2432 imperium
1137 2331 1619 2432 flagitabant,
1685 2335 2088 2429 PediaeoS,
2156 2340 2283 2436 qui
2336 2340 2556 2432 opta·

389 2439 693 2510 matium
719 2435 1173 2531 potestatem
1208 2437 1584 2507 servatam
1622 2432 2046 2532 cupiebant,
2083 2437 2159 2507 et
2184 2433 2558 2527 ParalioS,

447 2539 521 2605 ui
573 2532 885 2605 mediam
913 2532 1109 2602 iuter
1146 2535 1509 2630 utrosque
1531 2536 1900 2603 rationem
1927 2557 2010 2604 se
2062 2530 2435 2605 nebantur
2468 2535 2555 2627 ¹).

393 2561 737 2703 ²l'andem
788 2627 907 2702 01.
933 2627 1211 2719 XLVI,
1258 2631 1307 2701 3
1358 2627 1606 2701 Solon
1653 2629 2004 2714 Execesti
2065 2656 2153 2702 ae
2203 2626 2257 2702 f.
2311 2656 2351 2702 e
2405 2632 2561 2702 Co-

394 2727 776 2802 dridarum
823 2732 1076 2823 gente,
1127 2729 1240 2796 vir
1286 2732 1606 2822 propter
1664 2730 2104 2823 sapientiam
2166 2734 2241 2800 et
2302 2724 2558 2799 mode-

397 2831 768 2902 rationem
818 2819 1165 2894 omuibus
1227 2824 1515 2920 pariter
1582 2828 1976 2921 acceptuS‚
2041 2821 2137 2894 ad
2199 2848 2559 2896 summum

535 3033 593 3093 7)
629 3028 949 3083 Muellerus
984 3030 1126 3081 Dor.
1159 3028 1220 3079 11
1254 3046 1307 3097 p.
1345 3027 1448 3081 137
1488 3034 1548 3080 et
1582 3046 1778 3082 comm.
1813 3032 1876 3082 in
1911 3025 2124 3082 Aescb.
2164 3028 2327 3082 Eum.
2364 3048 2421 3102 p.
2455 3029 2559 3083 157

400 3100 506 3155 bos
542 3119 949 3154 naucrarorum
990 3107 1261 3171 prytaues
1298 3117 1414 3152 uon
1454 3099 1715 3153 diversos
1752 3121 1787 3154 a
1822 3100 2198 3170 φυλυβασιλεῦσι
2231 3101 2409 3154 fuisse
2445 3110 2560 3155 sta-

397 3177 524 3242 tuit,
564 3174 716 3246 quod
756 3192 859 3224 eur
894 3190 1092 3241 parum
1131 3171 1429 3241 probabile
1465 3173 1733 3225 videatur
1771 3172 1890 3225 dixi
1923 3173 1986 3224 in
2016 3173 2287 3228 Prooem.
2319 3177 2406 3227 cit.
2432 3194 2484 3246 p.
2504 3175 2561 3229 8.

540 3279 608 3348 8)
631 3278 850 3352 Ἐνεμον
877 3280 980 3333 τότε
1009 3274 1100 3336 nic
1126 3278 1353 3346 Ἀθήνας.
1425 3278 1711 3332 Herodot.
1747 3277 1788 3331 l.
1824 3278 1864 3332 l.

540 3384 607 3457 9)
645 3388 846 3439 Munia
883 3385 1050 3439 buius
1086 3394 1388 3458 prytanum
1429 3385 1663 3455 collegii
1699 3403 1735 3436 a
1770 3383 1993 3437 Solone
2035 3384 2248 3439 sublati
2290 3384 2563 3458 pleraque

400 3462 624 3512 senatui
663 3457 1206 3531 quadringentorum
1244 3460 1454 3512 tradita
1490 3460 1780 3525 videntur,
1818 3458 1981 3509 cuius
2014 3458 2305 3528 praesides
2348 3467 2408 3511 et
2450 3461 2563 3530 ipsi

394 3540 669 3603 prytanes
704 3540 1003 3582 vocantur.

543 3634 642 3707 10)
680 3636 967 3690 Plutarch.
1003 3636 1042 3689 l.
1084 3636 1121 3691 l.
1176 3638 1234 3689 ἐκ
1287 3638 1603 3711 Πρυτανεῖον
1644 3634 1966 3693 δικασθένιῑς·
2014 3632 2114 3689 ὕπὸ
2152 3634 2254 3689 τῶν
2295 3637 2558 3703 βασιλέων.

399 3712 553 3764 'Nam
591 3709 695 3761 bos
732 3710 1074 3778 φυλοβασιλεῖς
1108 3716 1231 3760 esse
1266 3708 1643 3780 probabiliter
1662 3707 1925 3760 Mueller.
1947 3710 2192 3760 coniecit
2228 3706 2301 3760 ad
2327 3711 2561 3763 Eume-n.

402 3802 454 3853 p.
499 3783 612 3835 157.
653 3790 709 3833 et
744 3780 943 3831 borum
986 3779 1205 3850 aliquas
1244 3784 1412 3833 etiam
1453 3779 1875 3851 posterioribus
1912 3778 2261 3850 temporibus
2307 3785 2370 3834 in
2414 3782 2561 3836 iudi-

406 3856 507 3906 ciis
546 3854 619 3905 ad
654 3854 1004 3922 Prytaneum
1042 3860 1232 3922 partes
1267 3853 1445 3905 fuisse
1485 3850 1638 3904 infra
1673 3852 1995 3905 videbimus
2033 3848 2084 3921 ξ.
2122 3851 2211 3904 64.

530 3955 642 4022 ¹ll)
679 3962 831 4012 Hine
868 3957 1131 4028 Thucyd.
1171 3961 1216 4022 1,
1259 3960 1360 4012 126
1397 3976 1606 4011 novem
1645 3958 2012 4013 archontibus
2046 3960 2248 4013 tribuit
2293 3978 2441 4032 quae
2489 3961 2562 4013 ab

403 4032 616 4084 Herod.
657 4032 736 4096 V,
773 4032 836 4083 71
875 4030 1212 4100 prytanibus
1249 4049 1656 4084 iiaucrarorum
1696 4032 2040 4086 tribuuntur.
2087 4032 2203 4089 ef.
2244 4033 2314 4086 de
2352 4036 2565 4086 comitt.

401 4107 458 4175 p.
496 4104 663 4154 XIII.
741 4103 973 4154 induxit
1009 4113 1196 4153 autem
1238 4100 1369 4154 'rhu
1399 4103 1592 4174 ydidis
1631 4110 1882 4157 narratio
1923 4107 2256 4176 Harpocrat.
2304 4105 2566 4176 aliosque

404 4180 471 4296 gt
509 4173 811 4298 aribontes
850 4177 1006 4244 ipsos
1041 4173 1145 4227 illo
1185 4182 1439 4245 tempore
1472 4183 1747 4246 prytanes
1780 4178 2187 4232 naucrarorum
2224 4178 2408 4232 dictos
2443 4196 2563 4232 cre-

450 4264 582 4298 eren
613 4284 626 4298 .

545 4349 609 4416 1)
646 4352 937 4406 Plutarch.
978 4351 1181 4405 Solon.
1219 4370 1268 4403 e.
1308 4351 1393 4405 13.
1436 4351 1563 4413 ..CB
1598 4352 1818 4409 Meurs.
1856 4355 1978 4410 Sol.
2014 4375 2064 4411 c.
2102 4357 2190 4417 10.
