3067 4975
730 364 809 448 V.
857 364 977 437 De
1024 386 1114 435 re
1148 359 1468 463 publica
1514 364 2111 441 Atheniensium.
2232 353 2239 361 ’
2366 371 2507 442 179

335 544 763 619 Clisthenes
805 542 1044 617 tribus
1078 543 1360 636 decem,
1412 542 1672 618 (lemos
1702 571 1765 618 s.
1796 572 2044 644 pagos
2078 550 2369 623 centum
2399 552 2506 647 ⁷):

335 644 430 716 ad
497 641 822 714 tribuum
875 669 1258 715 numerum
1310 646 1655 715 senatum
1708 646 1961 735 auxit,
2010 651 2094 718 ut
2144 643 2507 746 quinqua-‘-

333 744 510 839 geni
546 766 586 811 e
624 738 942 834 singulis
971 745 1369 812 senatores
1392 739 1698 813 flerent:
1730 743 1907 814 item
1932 745 2509 838 magistratuum

336 836 866 908 nonnullorum
917 835 1274 933 collegia,
1338 843 1419 909 ut
1484 834 1763 934 singuli
1813 861 1855 911 e
1906 836 2224 936 singulis
2273 837 2510 913 tribu-

340 933 477 1006 bus
528 941 989 1006 crearentur.
1096 935 1381 1005 Horum
1433 959 1594 1024 eoS,
1632 937 1720 1006 ⁴in
1826 930 2043 1006 uibus
2077 960 2315 1035 neque
2347 940 2511 1011 arte

339 1029 654 1130 quadam
709 1033 786 1101 et
833 1033 1110 1129 peritia
1160 1034 1458 1121 eximia,
1508 1055 1753 1147 neque
1838 1030 2290 1104 acultatibus
2355 1060 2512 1107 am-

208 1214 225 1230 ·
335 1128 742 1226 plioribns,
793 1126 927 1200 sed
956 1126 1472 1199 tantummodo
1507 1130 1704 1199 civili
1745 1125 2167 1225 prudentia,
2219 1130 2515 1229 qualem

337 1230 417 1301 in
465 1221 698 1296 libera
752 1228 1051 1296 civitate
1102 1227 1342 1324 quivis
1390 1222 1613 1297 facile
1663 1228 2053 1325 acquirere
2118 1252 2348 1323 posse
2412 1231 2515 1299 vi-

225 1384 229 1387 .
340 1321 595 1411 detur,
663 1327 793 1394 aut
859 1318 1240 1419 probitate
1293 1322 1369 1392 et
1416 1324 1711 1419 patriae
1761 1324 2079 1395 caritate
2131 1348 2325 1419 opus
2392 1350 2513 1396 es-

339 1420 478 1507 set,
530 1444 683 1489 non
735 1420 821 1489 ut
871 1420 1042 1491 olim
1095 1416 1478 1515 suffragiis
1529 1416 1663 1491 sed
1717 1423 1927 1490 sorte
1993 1422 2237 1492 creari
2300 1423 2515 1493 insti-

338 1519 481 1590 tuit
507 1518 613 1610 ⁸),
665 1518 772 1586 ita
820 1522 1077 1599 tamen·
1110 1519 1219 1604 ut,
1325 1521 1396 1585 ui
1433 1517 1683 1588 sortiti
1720 1523 1999 1606 essent,
2049 1541 2202 1587 non
2242 1518 2519 1590 inirent:

341 1615 861 1709 magistratum
898 1616 1043 1683 nisi
1082 1616 1157 1684 in
1204 1616 1281 1683 iu
1337 1616 1479 1684 icio
1530 1609 1858 1710 probati.
1906 1613 2256 1712 Denique
2296 1618 2517 1687 etiam
2619 1692 2624 1696 ,

341 1713 861 1781 ostraeismum
904 1709 1342 1797 introduxit,
1396 1734 1547 1808 quo
1597 1735 1857 1808 aequa·
1891 1712 2155 1781 civium
2202 1708 2519 1783 libertas

341 1834 386 1878 a
438 1809 682 1877 nimiis
729 1831 1144 1904 paucorum
1175 1806 1451 1904 opibus
1510 1810 1670 1879 tuta
1718 1803 1923 1881 sorel:
1948 1809 2033 1897 9).

1296 1979 1365 2067 ἓ.
1415 1974 1558 2048 xl.

533 2103 941 2177 Plurimum
1005 2108 1254 2178 autem
1320 2104 2316 2204 incrementi-cepihpopuli
2381 2133 2519 2202 po-

341 2203 583 2275 testas
635 2206 813 2298 post
875 2199 1151 2274 bellum
1201 2204 1593 2276 Persicum
1660 2203 2090 2279 seeundum.
2191 2203 2521 2275 Primum

348 2302 538 2376 enim
593 2324 818 2399 quum
887 2325 987 2371 ex
1051 2302 1288 2396 ipsius
1352 2299 1524 2374 belli
1574 2324 1863 2398 genere
1915 2301 2285 2371 maritimo
2340 2325 2521 2372 con-

346 2402 660 2495 sequuta
726 2401 928 2467 esset
988 2421 1270 2494 magna
1334 2400 1571 2469 totius
1635 2400 1742 2491 rei
1792 2393 2139 2468 miiitaris
2192 2421 2521 2468 commu-

345 2498 573 2584 tatio,
639 2521 727 2565 ac
788 2498 1028 2566 minus
1095 2498 1240 2565 iam
1306 2499 1377 2566 in
1434 2492 1911 2592 pedestribus
1966 2495 2043 2566 et
2088 2499 2349 2591 gravis
2400 2519 2523 2566 ar-

345 2599 683 2664 maturae
764 2590 1157 2683 militibus,
1235 2590 1435 2691 quod
1506 2593 1917 2691 antiquitus
1992 2615 2209 2662 omne
2283 2589 2523 2663 robur

347 2693 669 2762 civitatis
722 2687 1002 2778 suerat,
1072 2713 1286 2787 quam
1354 2692 1428 2759 in
1482 2689 1889 2761 classiariis
1939 2683 2522 2788 remigibusque,

348 2813 445 2860 ex
490 2784 742 2857 intima
781 2783 1001 2882 plebe
1037 2788 1441 2858 maximam
1462 2791 1751 2882 partem
1781 2787 2255 2882 conscriptis,
2294 2810 2522 2882 proe-

348 2883 615 2954 liorum
669 2883 979 2952 eventus
1032 2887 1107 2954 et
1156 2887 1265 2954 rei
1317 2880 1667 2980 publicae
1717 2880 1923 2953 salus
1956 2883 2097 2955 sita
2138 2906 2306 2952 esse
2348 2906 2521 2954 coe-

344 2984 658 3078 pissent,
708 2975 989 3051 sactum
1043 2983 1160 3050 est
1209 2983 1680 3068 necessario,
1744 2983 1828 3050 ut
1879 2976 1975 3049 ab
2029 2976 2520 3074 opulentiori-

345 3082 518 3167 buS,
570 3098 665 3146 ex
718 3072 989 3173 quibus
1042 3079 1391 3148 constare
1444 3073 1747 3147 solebat
1793 3077 2051 3172 gravis
2095 3080 2524 3173 armatura,
2605 3076 2612 3079 ⁷

351 3173 447 3246 ad
526 3176 909 3244 tenuiores
984 3198 1282 3271 quoque
1361 3171 1749 3243 deveniret
1826 3172 2169 3268 potestas
2203 3175 2291 3267 ¹).
2404 3170 2523 3243 Ad

288 3284 297 3289 ‘
350 3270 490 3343 hoc
543 3267 954 3357 devastatis
1006 3295 1052 3339 a
1099 3270 1508 3341 Persarum
1560 3269 1898 3340 exercitu
1952 3266 2297 3339 omnibns
2331 3271 2524 3340 Atti-

351 3395 484 3440 cae
549 3362 894 3464 partibus
943 3365 1234 3468 fractae
1287 3370 1363 3438 et
1411 3369 1718 3439 attritae
1770 3369 1987 3438 erant
2035 3363 2523 3462 plurimorum
2618 3382 2623 3386 ’

492 3612 548 3671 7)
584 3609 725 3662 vid.
764 3604 898 3659 infr.
939 3624 987 3657 c.
1026 3608 1062 3659 2
1098 3605 1152 3674 §.
1190 3608 1292 3673 22,
1326 3607 1379 3660 3.
1422 3635 1489 3647 -
1556 3609 1826 3660 Ceterum
1878 3609 2049 3659 etiam
2099 3608 2526 3660 nauci-uriarum

349 3701 644 3738 numerum
685 3676 1011 3733 Clisthenes
1048 3682 1236 3748 auxit,
1285 3689 1349 3730 ut
1394 3678 1441 3731 1.
1490 3678 1696 3731 fierent
1745 3696 1849 3751 pro
1898 3678 2186 3741 XLVIII,
2236 3680 2445 3747 quinae
2493 3697 2526 3731 e

353 3754 595 3825 singulis
634 3751 916 3827 tribubus.
2211 3770 2219 3777 .

493 3858 560 3928 8)
600 3861 728 3912 Ηοο
777 3877 849 3909 ex
894 3859 1224 3910 coniectura
1273 3859 1438 3928 posui
1486 3853 1558 3907 de
1607 3857 1823 3908 comitt.
1874 3874 1928 3924 p.
1966 3854 2104 3916 311,
2150 3856 2526 3926 probantibus

354 3935 684 3986 Hermanno
723 3930 793 3981 de
831 3933 960 3980 iure
999 3933 1250 3996 magistr·
1291 3948 1342 3998 p.
1384 3931 1469 3981 15.
1531 3925 1940 3980 Wachsmuth.
1976 3927 2024 3994 1,
2063 3927 2094 3979 l
2133 3946 2189 3998 p.
2227 3930 2335 3983 273
2372 3928 2529 3984 aliis-

355 4022 483 4076 que.
555 4004 841 4054 Dissentit
879 4011 1067 4053 tamen
1107 4003 1423 4052 'Pittmanm
1463 4019 1518 4070 p.
1553 4000 1679 4052 308.

496 4106 563 4176 9)
604 4106 693 4161 cf.
732 4108 803 4159 de
851 4109 1066 4159 comitt.
1105 4107 1244 4161 Ath.
1286 4120 1342 4171 P.
1383 4107 1506 4160 247.
1580 4107 1787 4161 Meier.
1825 4108 1886 4158 in
1933 4103 2132 4159 Erech.
2185 4114 2243 4159 et
2280 4102 2526 4160 Gruber.

355 4180 670 4251 Encyclop.
706 4180 805 4244 111,
847 4179 878 4231 7
912 4198 972 4249 p.
1012 4179 1130 4230 180.
2366 4209 2372 4217 .

500 4288 553 4354 l)
594 4286 685 4341 ef.
721 4287 900 4337 Isocr.
936 4281 1175 4337 Panatb.
1228 4303 1277 4336 c.
1315 4284 1400 4336 44.
1473 4281 1745 4353 Xenopb-
1788 4281 1859 4334 de
1904 4301 1951 4334 r.
1986 4300 2041 4353 p.
2067 4285 2143 4335 A.
2187 4281 2243 4348 1,
2279 4282 2329 4332 2.
2388 4280 2536 4333 ΡΙιι-.

355 4356 528 4445 tan-rb.
570 4357 844 4413 Themist.
886 4376 934 4408 e.
977 4358 1058 4408 19.
1132 4358 1374 4408 Aristot.
1413 4352 1591 4406 Polit.
1637 4360 1692 4417 V,
1728 4358 1782 4420 3,
1818 4356 1873 4407 5.
1938 4422 2093 4492 12.
