3067 4975
590 356 742 436 252
998 357 1079 433 V.
1127 354 1248 431 De
1293 377 1384 431 re
1400 365 1403 372 “
1420 345 1739 458 'publicu
1783 353 2374 433 Atheniensium.

588 546 699 620 ris
746 545 1009 616 ‘autem
1077 537 1552 639 {emporibus
1612 562 1793 620 raro
1865 541 2112 612 cuncti
2137 541 2167 588 ³
2323 537 2763 644 plerumque
2806 531 2813 538 ”

592 637 745 715 bini
796 643 928 711 aut
973 640 1167 711 terni
1218 644 1348 710 aut
1394 634 1650 736 paullo
1677 632 1936 733 plures
1966 591 2522 733 emittebantur,
2573 667 2760 742 quo·
2807 707 2812 710 Α

585 763 756 814 rum
804 736 936 809 aut
982 745 1177 807 unus
1222 732 1538 833 reliquis
1589 729 1933 805 omnibus
1979 736 2366 851 praeerat,
2418 738 2548 810 aut
2593 742 2764 837 pari
2807 755 2814 760 '

591 845 854 908 omnes
929 835 1094 905 iure
1173 831 1250 905 et
1315 834 1681 906 communi
1743 828 2059 902 consilio
2129 854 2288 904 rem
2359 830 2760 930 gerebant,

522 969 531 976 ¹
590 935 725 1005 aut
750 929 875 1005 alii
907 936 1140 1020 terra,
1168 926 1290 1001 alii
1313 930 1521 1022 mari,
1551 926 1875 1027 denique
1906 926 2030 1000 alii
2057 929 2134 1000 in
2154 926 2318 1000 aliis
2347 934 2758 1028 provinciis
2809 1021 2812 1024 Ι

568 1023 1065 1128 'imperabant
1088 1024 1181 1118 4).
1279 1025 1441 1099 Nec
1490 1051 1669 1098 raro
1720 1019 1951 1097 fiebat
1997 1030 2081 1099 ut
2132 1027 2355 1099 extra
2421 1027 2759 1102 ordinem

500 1195 506 1202 .
585 1128 686 1200 im
745 1126 1113 1216 eratoreS,
1164 1125 1294 1223 qui
1342 1148 1495 1195 non
1549 1129 1802 1196 essent
1852 1145 1893 1193 e
1945 1120 2198 1196 decem
2248 1124 2760 1224 strategorum

589 1152 944 1322 collegio,
995 1216 1453 1294 exercitibus
1504 1218 2103 1318 ‘praeficerentur
2128 1220 2217 1318 ἔ).
2303 1220 2758 1296 Demosthe-

587 1323 719 1393 nis·
768 1320 1016 1392 autem
1088 1320 1336 1390 aetate
1396 1314 1835 1416 plerumque
1886 1312 2044 1389 bini
2094 1318 2383 1390 tantum
2434 1321 2758 1417 strategi

589 1414 687 1491 ad
732 1413 1010 1490 bellum
1055 1410 1579 1507 mittebantur,
1627 1421 1664 1493 ὅ
1696 1418 1964 1482 ἐπὶτῶν
1993 1417 2212 1483 ὅπλων
2247 1441 2305 1487 s.
2351 1415 2640 1485 ὁπλιτῶν
2685 1423 2761 1489 et

585 1515 626 1590 ὃ
671 1516 782 1583 ἐπὶ
822 1521 954 1582 τῶν
1010 1513 1260 1581 ’ἱππέων
1283 1513 1378 1608 6).
1476 1511 1847 1613 Reliquos
1895 1510 2021 1585 ille
2075 1514 2415 1613 queritur
2463 1515 2759 1586 otiosos
2810 1519 2816 1524 ’

587 1608 790 1687 domi
840 1608 1148 1711 degere,
1193 1632 1509 1709 pompas
1561 1605 1727 1683 cum
1790 1606 2230 1683 sacrificulis
2274 1606 2634 1683 ducentes
2661 1610 2754 1701 ⁷).

727 1852 795 1926 3)
829 1854 1076 1910 Nullum
1109 1856 1249 1908 satis
1284 1859 1501 1908 certum
1535 1852 1711 1906 huius
1745 1856 1831 1907 rei
1869 1851 2188 1926 exemplum
2228 1860 2316 1907 est
2350 1858 2483 1925 post
2506 1871 2757 1925 pugnam

582 1927 1030 1997 Marathoniam,
1065 1934 1466 2001 praeterquam
1503 1925 1656 1998 apud
1690 1924 1983 1980 Plutarch.
2024 1926 2249 1980 Cimon.
2289 1944 2339 1979 c.
2375 1926 2431 1982 8.

723 2033 788 2103 4)
826 2036 969 2090 Vid.
1006 2034 1080 2089 de
1115 2036 1331 2089 comitt.
1367 2054 1424 2108 p.
1461 2033 1572 2089 314
1605 2039 1728 2088 not.
1768 2031 1852 2086 15.

725 2140 785 2208 5)
819 2142 1003 2196 Extra
1047 2140 1305 2196 ordinem
1351 2145 1587 2212 apparet
1635 2138 1907 2193 Cleonem
1956 2142 2235 2194 exercitui
2274 2139 2628 2213 praefectum*
2664 2160 2697 2194 a
2738 2179 2754 2196 .

584 2214 849 2286 Thucyd.
886 2216 994 2283 IV,
1032 2214 1104 2268 28
1141 2219 1198 2267 et
1228 2212 1677 2266 Demosthenem
1714 2213 1790 2265 ib.
1828 2230 1873 2263 c.
1920 2213 1972 2265 2.
2044 2214 2228 2265 Porro
2278 2213 2426 2285 apud
2476 2162 2752 2285 Xenopf.

582 2287 813 2342 Hellen.
849 2288 898 2353 1,
933 2286 985 2354 4,
1024 2288 1092 2344 21
1130 2292 1400 2358 quattuor
1433 2285 1696 2337 videmus
1729 2287 2102 2354 imperatores
2123 2287 2321 2353 emitti,
2359 2284 2565 2357 quibus
2584 2285 2753 2338 brevi

580 2366 715 2431 post
732 2365 988 2429 tempore
1025 2360 1264 2431 imperio
1298 2358 1539 2428 privatis
1572 2354 1938 2408 sufficiuntur
1974 2356 2186 2425 decem,
2226 2376 2345 2429 cap.
2368 2359 2419 2424 5,
2440 2357 2527 2411 16.
2576 2356 2754 2427 Apud

584 2429 851 2503 Tliucyd.
888 2431 948 2497 1,
994 2431 1062 2484 57
1112 2428 1375 2498 undecim
1411 2429 1651 2496 strategi
1684 2435 1836 2493 sunt,
1870 2445 2117 2502 moxque
2153 2448 2273 2501 cap.
2311 2429 2376 2483 61
2419 2428 2615 2503 eadem
2655 2448 2751 2481 ae-

581 2509 732 2557 state
769 2506 1020 2574 quin-que
1057 2501 1156 2556 alii
1191 2502 1510 2554 mittuntur.
1584 2502 1820 2554 Possint
1856 2501 2135 2554 eiusmodi
2176 2500 2436 2572 exempla
2460 2501 2642 2554 multa
2678 2519 2753 2554 ex
2815 2503 2820 2508 ’

544 2622 547 2625 Α
581 2574 871 2628 historicis
908 2572 1118 2637 afferri,
1154 2571 1258 2626 sed
1296 2591 1459 2643 quae,
1496 2578 1563 2625 ut
1593 2575 1896 2643 perspicua
1932 2573 2194 2627 omnibus
2232 2575 2391 2639 fiant,
2428 2572 2754 2642 longiorem

584 2646 1026 2718 disputationem
1054 2649 1372 2717 requirunt,
1410 2662 1580 2715 quam
1615 2643 1711 2696 hic
1743 2643 1908 2696 locus
1953 2663 2072 2717 non
2123 2648 2289 2716 capit.
2362 2644 2482 2697 Sed
2532 2652 2752 2698 certum

584 2724 673 2771 est
722 2718 1052 2789 saepissime
1096 2716 1580 2770 extraordinarios
1622 2717 1996 2785 imperatores
2043 2719 2378 2770 exercitibus
2426 2715 2750 2787 praefectos

585 2796 687 2842 aut
720 2788 877 2842 solos
914 2794 1014 2841 aut
1051 2807 1176 2841 cum
1200 2787 1276 2841 ali
1320 2793 1421 2839 uo't
1442 2787 1744 2840 ordinariis
1776 2787 1982 2841 fuisse:
2020 2789 2238 2860 quodsi
2266 2797 2479 2855 teneas,
2516 2787 2750 2857 multae,

582 2879 732 2934 quae
770 2860 912 2914 alias
946 2858 1284 2914 inextricabi
1312 2877 1372 2912 es
1407 2857 1678 2911 videntur
1717 2857 2083 2912 difficultates
2115 2863 2176 2913 in
2225 2863 2565 2929 scriptorum
2614 2878 2749 2912 nar-

580 2931 905 2987 rationibus
962 2938 1020 2984 et
1065 2934 1127 2984 in
1170 2929 1640 3000 inscriptionibus
1692 2929 1866 2995 facile
1909 2930 2230 2984 solvuntur.
2304 2930 2394 2985 Gf.
2446 2937 2504 2983 et
2540 2933 2747 2989 Meier.

579 3005 751 3059 Proc.
786 3005 907 3057 Att.
944 3021 1001 3075 p.
1043 3002 1164 3058 106.
1234 3001 1492 3054 Boeckh.
1531 3003 1699 3072 corp.
1738 3005 1917 3056 Inscr.
1951 3006 1982 3057 1
2012 3002 2185 3074 p.294
2222 3010 2280 3055 et
2314 3002 2436 3058 906.
2474 3001 2745 3056 Mueller.

578 3078 641 3130 in
677 3078 834 3129 Diar.
872 3076 1133 3143 Gotting.
1169 3092 1304 3127 ann.
1344 3073 1483 3127 1828
1517 3071 1636 3125 vol.
1675 3075 1734 3127 11
1767 3093 1820 3145 p.
1864 3074 2002 3128 1367
2038 3092 2120 3145 sq.
2157 3073 2494 3127 Grotel’end.
2537 3075 2608 3127 de
2647 3075 2747 3126 de-

579 3150 687 3201 mis
734 3167 788 3220 p.
827 3147 917 3202 26.
992 3145 1144 3200 God.
1178 3147 1491 3198 Hermann.
1568 3162 1721 3211 rogr.
1756 3144 1927 3201 indic.
1968 3154 2196 3198 certam.
2235 3146 2389 3199 erud.
2432 3164 2565 3198 ann.
2606 3146 2747 3199 1834

578 3239 637 3292 p.
674 3219 728 3276 6.
790 3221 973 3271 Wex.
1007 3217 1261 3291 prolegg.
1297 3218 1370 3271 ad
1409 3217 1529 3289 Sop
1575 3254 1589 3268 .
1628 3217 1823 3287 Antig.
1862 3236 1914 3289 p.
1955 3218 2203 3272 15—21.

723 3323 791 3391 6)
825 3322 1124 3378 Demosth.
1164 3325 1235 3378 de
1287 3342 1481 3379 coron.
1521 3343 1575 3395 p.
1614 3324 1738 3377 265.
1787 3322 1913 3377 238.
1995 3322 2085 3377 Cf.
2131 3323 2269 3393 Lys.
2317 3327 2377 3376 in
2427 3327 2639 3393 Diogit.
2684 3344 2743 3395 p.

580 3395 705 3452 894.
783 3397 1051 3450 Ceterum
1088 3394 1380 3450 habebant
1413 3394 1516 3449 illa
1554 3400 1742 3447 aetate
1775 3393 2160 3448 Athenienses
2206 3395 2416 3449 milites
2464 3396 2743 3467 plurimos

578 3468 962 3521 mercenarios
1013 3486 1322 3539 eorumque
1371 3468 1746 3538 imperatores
1793 3469 2146 3537 peregrinos.
2218 3466 2305 3518 cf.
2340 3466 2487 3520 Plat.
2526 3470 2646 3520 Ion.
2682 3487 2739 3539 p.

581 3541 652 3594 45
687 3538 945 3594 Nitzsch.
982 3557 1108 3592 cum
1148 3539 1382 3614 editoris
1417 3545 1575 3592 nota.
1649 3539 1851 3593 Meier.
1891 3540 1954 3591 Ρ.
1990 3540 2063 3591 A.
2101 3549 2159 3602 P.
2199 3538 2301 3594 106
2337 3548 2458 3592 not.
2500 3540 2583 3593 10.

721 3645 778 3710 7)
820 3643 1061 3717 Philipp.
1108 3645 1140 3698 Ῑ
1189 3665 1245 3718 p.
1284 3646 1368 3699 47.
1404 3672 1476 3684 -
1550 3647 2082 3712 commemorantur
2127 3650 2423 3732 praeterea
2479 3640 2751 3719 στρατηγός

578 3715 663 3770 ἐπὶ
691 3718 775 3784 τῆς
796 3717 992 3790 χώρας,
1029 3715 1181 3771 Plut.
1217 3715 1396 3770 Phoc.
1439 3719 1614 3785 0.,32,
1660 3710 1934 3792 στρατηγὸς
1972 3715 2056 3768 ἐπὶ
2094 3735 2182 3782 την
2218 3716 2408 3789 χώραν
2447 3713 2536 3783 τὴν
2567 3735 2743 3790 παρα-

576 3790 713 3851 λίαν,
752 3790 920 3859 Corp-
960 3791 1140 3843 Inscr.
1176 3790 1206 3843 I
1238 3808 1295 3860 p·
1331 3790 1435 3844 311
1485 3786 1582 3854 (ex
1619 3785 1921 3855 01.x123.)‚
1967 3783 2236 3859 στρατηγὸς
2275 3788 2358 3840 ἐπὶ
2402 3785 2490 3854 τὴν
2533 3795 2739 3841 Μουνυ-

571 3863 717 3930 χίαν
741 3859 834 3913 καὶ
863 3857 927 3913 τοὶ
961 3861 1150 3934 νεώρια
1185 3866 1654 3934 κεχειροτονημένος,
1696 3858 1962 3912 Dinarch.
2002 3862 2061 3910 in
2101 3858 2347 3915 Pliilocl.
2384 3879 2438 3930 p.
2479 3859 2567 3912 92.
2634 3861 2740 3911 His

580 3930 991 3985 accensendum
1012 3939 1149 4002 puto
1173 3931 1594 3985 Archedemum
1628 3932 1713 3998 τῆς
1741 3932 1998 3986 Δεκελείας
2025 3931 2414 4000 ἐπιμελούμενον
2449 3929 2600 4001 apud
2618 3932 2740 3983 Xe-

577 4001 749 4074 noph-
785 4002 939 4056 nell.
973 4004 1021 4067 1,
1060 4004 1110 4068 7,
1147 4006 1199 4056 2.
1237 4030 1306 4041 -
1340 4003 1391 4059 Ε
1430 4003 1571 4056 locis
1606 4000 1904 4057 Demosth.
1943 4020 2115 4072 supra
2151 4003 2327 4056 not.6
2356 4004 2550 4055 citatis
2573 4000 2745 4054 etiam

575 4072 853 4148 στρατηγὸν
882 4071 966 4129 ἐπὶ
994 4073 1078 4140 ἰἥς
1105 4074 1388 4141 διοικήσεως
1419 4074 1598 4127 fuisse
1636 4074 1971 4143 collegimus
2019 4091 2127 4141 ego
2176 4073 2247 4124 de
2294 4077 2507 4134 comitt.
2541 4085 2596 4138 P.
2633 4073 2743 4127 314

581 4153 638 4199 et
672 4148 874 4199 Meier.
913 4148 1078 4198 Proc.
1117 4148 1327 4219 Att.'p.
1372 4147 1475 4199 105
1523 4165 1651 4198 cum
1699 4142 1943 4203 Reiskio
1990 4146 2051 4198 in
2111 4143 2340 4197 Schaefz
2384 4161 2575 4216 appar.
2614 4145 2741 4197 crit.

578 4222 716 4272 tom.
753 4220 812 4271 11
851 4230 906 4282 P.
943 4217 1061 4269 172.
1131 4216 1252 4269 Alii
1288 4225 1648 4290 quaestorem
1687 4218 1847 4270 illum
1888 4216 2175 4281 designari
2225 4217 2619 4281 crediderunt,
2666 4214 2742 4267 de

578 4307 694 4363 quo
740 4307 915 4358 supra
958 4287 1169 4343 dictum
1217 4297 1322 4343 est.
1396 4289 1517 4341 Sed
1568 4288 1768 4361 quidni
1814 4287 2076 4341 militaris
2117 4291 2330 4349 aerarii
2374 4306 2511 4341 cura
2554 4289 2656 4340 uni
2706 4304 2739 4339 e

577 4368 960 4430 strategorum
1007 4359 1255 4430 collegio
1306 4363 1609 4419 commissa
1651 4363 1754 4430 sit,
1800 4357 2281 4433 quemadmodum
2323 4358 2502 4414 semel
2545 4359 2744 4430 ταμίαν
