3067 4975
553 393 725 469 III.
798 395 917 465 De
964 393 1189 466 rebus
1224 392 1563 491 publicis
1607 393 1693 464 δη
1741 385 2200 467 universum.
2374 394 2470 468 91

302 571 617 645 aliorum
670 576 1028 646 instinctu
1093 583 1225 647 aut
1286 578 1550 647 virium
1618 568 1894 647 fiducia
1958 575 2035 647 et:
2096 574 2471 649 libertatis

302 697 560 742 amore
614 680 878 743 eontra
932 671 1306 745 dominnm
1364 671 1750 743 moliretur
1800 675 1902 764 9).
1984 672 2214 760 Quod
2248 698 2471 773 quum

301 772 688 865 imperium
727 795 874 839 non
912 768 1602 842 rivium'voluntate
1657 775 1732 841 et
1782 794 2060 858 amore,
2114 769 2246 842 sed
2280 796 2469 843 mer-

301 867 625 936 cenariis
687 870 944 963 'copiis
1022 882 1151 940 aut
1229 869 1614 940 extraneis
1680 865 2032 937 subsidiis
2086 870 2470 960 niteretur,

300 987 450 1033 nou
489 965 793 1129 poterat
831 989 977 1035 non
1011 962 1280 1062 fragile
1305 961 1769 1049 etiuflrmum
1804 989 1994 1035 esse.
2045 962 2475 1038 Accedebat

300 1062 385 1130 ut
434 1085 480 1156 p
514 1064 772 1158 eriqne
824 1065 1122 1158 tyranni
1175 1066 1410 1159 ipsius
1465 1064 1681 1158 regni
1735 1063 1930 1132 vitiis
1981 1065 2321 1158 corrupti
2357 1066 2472 1134 in-

300 1155 693 1247 solentius,
747 1161 1067 1245 avarius,
1119 1156 1494 1231 crudelius
1544 1166 1901 1254 agerent,
1964 1161 2095 1229 aut
2157 1162 2241 1230 nt
2304 1185 2473 1231 sue-

300 1278 651 1327 cessores
707 1251 1071 1326 habereut
1107 1259 1563 1346 instrenuus,
1617 1257 2084 1347 temerarios,
2138 1254 2474 1328 luxum·-

302 1375 474 1439 sos,
557 1354 679 1450 qui
732 1350 1085 1423 traditam
1139 1379 1182 1424 a
1232 1352 1581 1450 patribus
1632 1354 2084 1450 potestatem
2139 1357 2477 1449 paternis

302 1446 596 1517 artibus
660 1453 984 1520 retinere
1052 1469 1200 1520 non
1264 1452 1721 1548 possent¹⁰).
1837 1450 1948 1520 lta
2013 1452 2085 1519 in
2153 1452 2478 1522 Graecia

300 1542 744 1637 tyrannides
809 1543 1006 1617 haud
1072 1546 1233 1619 sere
1300 1545 1700 1618 diuturnae
1755 1549 2009 1637 eraut,
2078 1547 2208 1618 sed
2277 1551 2478 1618 iutra.

301 1636 535 1712 breve
596 1648 890 1738 tempus
955 1640 1748 1734 subvertebantur¹¹),
1810 1645 2170 1739 imprimis
2234 1642 2475 1741 Spar-

303 1734 648 1808 tanorum
716 1765 899 1837 ope,
986 1743 1110 1839 qui
1197 1743 1659 1837 optimatium
1743 1765 2041 1836 semper
2110 1738 2477 1833 fautores,

300 1841 778 1935 promptique
832 1846 1048 1909 erant
1100 1835 1192 1909 ad
1262 1839 1545 1908 auxitia
1610 1842 1878 1908 eontra
1947 1843 2309 1936 tyrannos
2372 1835 2478 1909 se*-

300 1931 539 2002 reuda
566 1932 681 2024 ¹²).
756 1934 1263 2031 *Recuperata
1316 1938 1562 2005 autem
1620 1932 1970 2006 libertate
2021 1934 2094 2003 iti
2142 1935 2315 2031 ‘aliis
2370 1938 2475 2006 ei-

301 2029 661 2101 vitatibus
715 2033 1181 2127 optimatium
1236 2035 1665 2128 imperium,
1721 2028 1938 2130 quate
2006 2028 2290 2123 suerat,
2357 2057 2476 2102 re-

302 2128 676 2216 stitutum,
743 2131 820 2198 iu
871 2127 1076 2219 aliis,
1142 2128 1269 2200 ubi
1334 2129 1623 2200 fractae
1696 2126 1958 2198 horum
2026 2153 2210 2224 opes
2262 2131 2479 2199 eraut

302 2219 669 2390 plebisque
738 2229 1119 2320 creverat,
1182 2225 1576 2324 popularis
1652 2230 1762 2296 rei
1821 2221 2169 2320 publicae
2234 2224 2478 2296 forma

300 2321 472 2390 iuva
509 2328 635 2391 uit.

1205 2470 1265 2541 ς.
1302 2451 1573 2528 XXII.

498 2568 853 2639 Ceterum
904 2593 1043 2664 per
1093 2569 1280 2641 haee
1330 2576 1677 2665 tempora
1728 2570 1802 2639 in
1849 2570 2002 2640 tam
2055 2564 2478 2666 multiplici-

299 2659 446 2735 bus
500 2689 746 2737 rerum
795 2665 1262 2761 publicarum
1315 2662 1943 2740 conversionibus
1998 2691 2146 2737 non
2217 2670 2480 2737 mirum

302 2767 422 2831 est
474 2766 860 2833 exstitisse
914 2766 1187 2837 multos
1253 2760 1531 2862 ubique
1594 2767 1801 2834 viros
1871 2764 2290 2860 sapientes,
2356 2765 2485 2927 ‹ljui

304 2857 398 2929 de
500 2864 779 2956 optima
866 2862 1162 2933 ratione
1249 2863 1359 2932 rei
1448 2856 1797 2958 publicae
1907 2863 2482 2931 constituemae

306 2959 384 3026 et
436 2953 1067 3029 administrandae
1132 2954 1476 3030 subtilius
1584 2961 2027 3046 naererent,
2094 2961 2481 3054 artemque

306 3052 681 3151 quandam
747 3062 822 3124 et
885 3053 1349 3150 disciplinam
1419 2983 1652 3125 eiviiis
1711 3052 2159 3150 prudentiae
2237 3056 2482 3124 mente

307 3153 821 3245 conciperent.
919 3150 1043 3222 Ex
1096 3148 1359 3223 horum
1410 3175 1722 3223 numero
1776 3151 2132 3247 imprimis
2179 3146 2485 3220 fuerunt

306 3251 594 3342 septem
623 3245 727 3316 itti
757 3249 882 3345 qui
911 3245 1258 3320 dicuntur
1287 3274 1366 3319 sa
1429 3251 1695 3338 tentes,
1726 3249 1850 3344 qui
1871 3271 2130 3318 omues
2144 3248 2481 3343 praeter,

302 3344 682 3415 Milesium
737 3343 1057 3435 Thalen,
1111 3347 1386 3418 civitati
1447 3370 1536 3415 us
1601 3347 1757 3415 suis
1823 3340 2314 3440 praefuerunt
2374 3339 2481 3414 le-

302 3438 681 3540 gibusque
741 3438 917 3513 latis
983 3446 1116 3514 aut
1176 3439 1694 3520 administrata
1758 3444 2139 3538 sapienter
2201 3461 2286 3513 re
2345 3465 2482 3536 pu-

314 3653 321 3662 “
390 3663 391 3666 ’
449 3645 514 3712 9)
550 3646 634 3698 Id.
672 3647 757 3715 ib„
787 3647 841 3713 9,
877 3648 913 3700 2
947 3665 1069 3720 sqq.
1122 3650 1271 3702 Hinc
1309 3651 1481 3703 etiam
1519 3650 1752 3718 tyranni
1790 3646 2015 3719 plebem
2054 3645 2328 3702 urbanam
2366 3664 2486 3700 me-

304 3716 549 3770 tuebant
595 3724 653 3771 et
696 3721 922 3770 rusticis
969 3723 1323 3790 potissimum
1374 3720 1641 3793 operibus
1694 3719 1964 3792 populum
2018 3721 2283 3787 occupari
2323 3718 2485 3771 vole-

303 3789 466 3841 bant.
542 3788 631 3842 cf.
674 3791 746 3842 de
787 3792 1099 3844 Periandro
1137 3795 1308 3862 Diog.
1344 3794 1531 3845 Laert-
1569 3794 1615 3855 1,
1654 3792 1739 3846 98.
1817 3789 2104 3843 Heracliti.
2142 3791 2316 3843 Pont.
2355 3811 2411 3862 p.
2448 3791 2486 3845 8

302 3861 484 3913 Koel.
527 3860 597 3913 de
633 3863 939 3914 Pisistrato
978 3866 1192 3916 Meurs.
1230 3866 1458 3918 Pisistr.
1501 3881 1550 3918 c.
1593 3864 1645 3917 7.
1683 3862 1756 3916 de
1794 3859 2304 3933 Cephalleniormn
2342 3881 2484 3935 quo,-

309 3933 440 3984 dam
482 3940 725 4002 tyranno
767 3932 1054 3987 Hei-antid.
1094 3955 1150 4007 p.
1189 3937 1276 3990 19.

452 4036 550 4110 10)
589 4042 831 4093 Aristot.
873 4041 949 4107 V,
985 4040 1036 4110 8,
1076 4044 1163 4098 20.

454 4146 659 4207 11›1.1.
695 4147 771 4201 il».
807 4148 875 4215 9,
924 4150 994 4203 21
1043 4165 1170 4219 sqq.
1241 4148 1751 4202 Enumerationem
1802 4148 2092 4201 variorum
2138 4148 2203 4200 in
2241 4148 2485 4200 Graecia

304 4225 684 4287 tyrannorum
723 4220 843 4276 vid.
880 4238 970 4291 ap.
1011 4218 1417 4274 Wachsmuth.
1457 4240 1511 4294 p.
1549 4220 1673 4275 274.

456 4323 552 4394 12)
609 4324 899 4378 Plutarch·
951 4325 1021 4377 de
1069 4325 1298 4397 malign.
1348 4325 1565 4382 Herod.
1613 4345 1663 4383 ο.
1707 4326 1798 4383 21.
1850 4327 1921 4382 of.
1973 4326 2237 4397 Thucyd.
2287 4328 2341 4394 1,
2401 4325 2482 4379 18.

306 4398 578 4451 Bluesser.
617 4400 754 4456 Dor.
790 4400 821 4452 1
853 4416 909 4470 p.
950 4397 1069 4453 16⁰.
1789 4441 1792 4446 .
