3067 4975
568 273 739 409 '136
879 336 938 409 I
948 334 1025 406 V
1099 341 1164 409 1.
1212 334 1333 405 De
1385 331 1965 433 Spartanorum
2011 343 2102 405 r‘e
2137 327 2478 433 publica.

607 541 749 617 que
799 518 878 591 in
927 500 1165 607 vocis,
1218 511 1495 606 fidium,
1547 509 2044 616 tibiarumque
2101 510 2447 589 cantibus
2472 514 2534 602 ⁴)
2587 518 2784 589 anti-

488 612 492 626 '
604 610 1075 715 quamssillam
1127 617 1202 683 et
1246 607 1653 683 masculam
1709 607 2208 703 harmoniam,
2330 638 2467 684 uae
2519 638 2568 685 a
2615 614 2785 686 Do-

602 707 981 783 riensibus
1031 732 1307 780 nomen
1359 703 1588 781 habet
1614 708 1710 805 ⁵),
1773 711 1991 780 unice
2041 635 2506 805 probaffiant:
2574 713 2787 782 cuius

605 809 880 880 eximia
928 808 1042 878 vis
1093 805 1260 877 erat
1308 801 1404 875 ad
1455 799 1863 877 frenandas
1913 802 2523 905 coercendasque
2576 809 2786 904 cupi-

607 901 905 995 ditates,
956 904 1390 1001 animosque
1443 906 1519 973 et
1570 898 1663 975 ad
1715 902 2325 998 temperantiam,
2389 903 2786 975 continen-

604 1002 812 1091 tiam,
865 995 1307 1070 modestiam
1357 997 1948 1096 componendos,
2000 1002 2076 1069 et
2126 996 2221 1069 ad
2266 996 2788 1071 fortitudinem

600 1108 1052 1194 „omnemque
1103 1093 1510 1167 masculam
1560 1096 1913 1167 virtutem
1966 1091 2402 1191 erigendos.
2503 1094 2789 1168 Poeta-

608 1217 775 1264 rum
827 1217 1124 1292 quoque
1177 1195 1510 1264 carmina
1563 1217 1654 1265 ea
1702 1187 2218 1291 tantummodo
2274 1189 2460 1263 disci
2509 1217 2558 1264 a
2607 1216 2791 1291 pue-

608 1292 716 1361 ris
767 1296 843 1361 et
892 1291 1181 1360 cantari
1230 1285 1626 1378 volebant,
1692 1313 1900 1388 quae,
1945 1296 2203 1361 essent
2265 1283 2609 1361 moribus
2671 1293 2791 1362 in-

608 1389 1038 1484 stitutisque
1090 1381 1411 1483 publicis
1463 1388 2008 1476 convenientia,
2060 1382 2130 1461 h.
2183 1410 2251 1457 e.
2306 1409 2503 1485 quae
2553 1384 2792 1459 hone·-

609 1484 909 1574 statem,
960 1483 1254 1580 patriae
1308 1483 1720 1568 caritatem,
1770 1479 2025 1578 legum
2076 1505 2168 1553 ac
2216 1483 2794 1579 magistratuum

606 1583 1128 1670 reverentiam,
1182 1603 1622 1676 omnemque
1673 1576 1958 1650 civilem
2011 1580 2089 1651 et
2148 1574 2494 1651 bellicam
2563 1583 2793 1653 virtu·

609 1677 760 1748 tem
825 1673 1468 1763 commendarent,
1555 1671 1946 1771 laudisque
2025 1680 2101 1746 et
2160 1669 2458 1769 gloriae
2538 1699 2794 1749 amore

611 1775 901 1862 animos
965 1769 1456 1843 incenderent
1510 1771 1619 1863 ὅ).
1697 1795 1847 1868 quo
1932 1772 2235 1843 nomine
2300 1796 2529 1842 unum
2701 1796 2792 1843 ae

614 1865 887 1939 ceteris
958 1870 1263 1964 poetam
1352 1868 1654 1939 maximi
1736 1862 2156 1959 faciebant,
2249 1867 2572 1964 'Perpau
2630 1891 2792 1941 rum

610 1961 967 2035 Lesbium
994 1963 1105 2057 ⁷),
1164 1969 1248 2034 ut
1296 1966 1510 2035 cuius
1561 1966 1891 2035 earmina
1949 1960 2179 2060 plena
2244 1968 2501 2037 essent
2567 1989 2791 2062 prae·-

613 2060 852 2156 ceptis
901 2056 999 2131 ad
1050 2056 1303 2156 legum
1351 2061 2011 2158 institutorumque
2064 2058 2626 2157 Spartanorum
2674 2086 2791 2132 ra-

609 2158 888 2228 tionem
916 2153 1110 2229 adeo
1137 2153 1753 2248 accommodatis,
1778 2164 1861 2227 ut
1879 2153 2217 2228 nonnulli
2235 2159 2446 2254 ipsas
2460 2157 2795 2256 Lycurgi

614 2248 830 2350 leges
879 2250 977 2325 ab
1033 2278 1124 2326 eo
1178 2250 1528 2327 versibus
1578 2252 1911 2326 inclusas
1963 2279 2135 2326 esse
2187 2251 2526 2326 dixerint
2550 2256 2642 2351 3).

1509 2435 1579 2514 §-
1630 2420 1883 2496 xvn.

797 2554 1150 2628 Virorum
1202 2554 1451 2628 autem
1503 2552 1869 2652 exemplis
1931 2555 2010 2627 et
2068 2549 2791 2639 conversationibus

609 2646 696 2719 ut
745 2674 964 2748 quam
1013 2654 1409 2749 plurimum
1457 2655 1677 2748 pueri
1738 2648 2240 2750 proficerent,
2299 2654 2620 2751 primum
2685 2654 2788 2722 vi-

608 2770 868 2818 rorum
920 2751 1277 2821 conviviis
1328 2744 1672 2820 adhiberi
1733 2745 2116 2839 solebant,
2177 2773 2333 2819 non
2395 2774 2544 2848 quo
2611 2773 2789 2845 epu-

608 2839 873 2936 larum,
926 2844 1061 2918 sed
1114 2869 1264 2945 quo
1318 2870 1747 2919 sermonum
1796 2847 2207 2944 participes
2268 2842 2577 2935 fierent,
2641 2840 2791 2917 col-

748 3046 815 3120 4)
856 3050 1243 3105 Chamaeleon
1283 3070 1370 3123 ap.
1408 3050 1620 3108 Athen.
1657 3052 1753 3105 lv
1787 3072 1843 3123 p.
1884 3051 1990 3106 184
2022 3053 2099 3105 D.

746 3153 812 3223 5)
851 3160 940 3211 De
977 3159 1084 3211 hac
1122 3158 1195 3212 cf.
1235 3161 1402 3229 impr.
1444 3157 1705 3216 Boeckh.
1747 3158 1818 3211 de
1843 3165 2005 3211 metr.
2029 3156 2201 3211 Pind.
2223 3175 2277 3228 Ρ.
2304 3155 2411 3210 238
2448 3161 2570 3228 sqq.
2604 3152 2793 3209 Muel-

608 3225 713 3350 ¹135
751 3229 810 3279 11
846 3249 897 3301 p.
933 3232 1040 3283 316
1077 3249 1199 3303 sqq.
1243 3240 1300 3283 et
1335 3230 1646 3299 Riitscher,
1684 3228 2105 3302 Aristophanes
2143 3248 2203 3284 u.
2242 3230 2366 3280 sein
2405 3228 2703 3282 Zeitalter.
2737 3244 2790 3296 p.

749 3317 873 3369 sqq.

602 3472 665 3526 Π
720 3401 816 3528 14¹5)
853 3405 1007 3459 Plnt.
1046 3407 1298 3478 Lycurg.
1337 3426 1385 3460 c.
1421 3408 1510 3461 21.
1549 3408 1764 3462 Institt.
1803 3407 1940 3461 Lac.
1981 3428 2029 3462 c.
2067 3407 2156 3462 14.
2191 3407 2409 3463 Meurs.
2448 3405 2619 3459 Misc.
2647 3401 2784 3455 Lao.

664 3512 685 3543 ,
792 3512 807 3529 .

745 3577 808 3651 7)
846 3584 976 3635 Huc
1012 3585 1260 3653 pertinet
1296 3584 1680 3655 proverbialis
1716 3583 2001 3655 loquutio,
2036 3580 2168 3657 μετυὶ
2206 3588 2420 3652 Λέσβιον
2455 3580 2609 3653 ᾠδόν.
2646 3575 2786 3631 vid.

601 3652 767 3704 Suid.
806 3653 864 3706 h.
902 3675 958 3707 v.
997 3655 1134 3725 ihiq.
1174 3657 1375 3711 Kuest.
1413 3661 1621 3711 Arsen.
1662 3656 1823 3708 Viol.
1859 3676 1915 3727 p.
1954 3659 2061 3710 352
2097 3656 2236 3727 ibiq.
2276 3652 2476 3706 w'alz.
2552 3648 2781 3705 Kuelm-

602 3722 677 3773 ad
713 3725 939 3777 Aelian.
975 3729 1052 3779 V.
1090 3729 1144 3779 H
1202 3728 1343 3793 X11,
1378 3731 1466 3781 50.
1542 3731 1872 3782 Neumann.
1916 3728 1987 3779 ad
2023 3729 2198 3780 Arist.
2236 3745 2347 3778 rer·
2386 3725 2545 3795 publ.
2584 3724 2785 3789 fragm.

599 3812 655 3864 p·
695 3796 809 3852 1321
887 3800 953 3848 ln
1004 3802 1334 3851 universum
1385 3800 1455 3851 de
1507 3799 1849 3871 Terpandro
1905 3799 1981 3853 of.
2016 3797 2220 3852 Plelm.
2253 3796 2519 3850 Lesbiae.
2563 3815 2621 3868 Ρ.
2663 3793 2783 3846 140.

607 3864 786 3918 Uli-ici
828 3866 964 3920 hist.
1000 3889 1159 3940 poes,
1196 3871 1297 3922 Gr.
1335 3872 1393 3923 11
1430 3872 1617 3935 p.34l
1658 3889 1784 3941 sqq.

658 3985 666 3994 ‘
742 3968 805 4041 8)
847 3974 1022 4028 Olem.
1057 3975 1229 4029 Alex.
1269 3978 1481 4029 Strom.
1520 3978 1551 4029 1
1586 3996 1642 4048 p.
1679 3977 1823 4029 3082
1872 3972 1982 4032 τοὺς
2014 3976 2207 4030 Λακεδ.
2244 3975 2433 4048 νόμους
2464 3970 2787 4042 ἔμελοπθῖησέ

600 4044 951 4118 Τέρπανδρος,
1003 4048 1157 4116 quod
1205 4047 1383 4100 nolim
1437 4067 1567 4099 cum
1614 4045 1921 4100 Nitzsehio
1969 4048 2041 4100 de
2090 4047 2291 4101 histor·
2339 4048 2511 4099 Hom.
2548 4044 2579 4095 Ι
2612 4062 2666 4113 Ρ.
2700 4037 2783 4090 32·

594 4115 666 4168 39
707 4114 778 4167 de
814 4120 1048 4169 musicis
1091 4122 1279 4171 nomis
1330 4121 1607 4192 accipere,
1656 4118 1761 4171 sed
1798 4121 1990 4188 potius
2024 4119 2178 4173 idem
2215 4118 2361 4171 illud
2399 4116 2636 4169 subesse
2672 4115 2783 4159 sta-

467 4222 481 4235 .
593 4191 716 4251 tuo,
756 4187 915 4256 quod.
951 4197 1038 4240 est
1074 4190 1227 4260 apud
1263 4191 1419 4244 Plut.
1458 4191 1631 4259 Agid.
1684 4208 1733 4247 c.
1768 4191 1871 4243 10:
1915 4188 1979 4243 τοὶ
2029 4188 2157 4245 abun?
2213 4190 2283 4261 τῷ
2332 4188 2611 4260 Λυκούργῳ
2647 4178 2785 4253 ᾅδων

595 4256 808 4311 διετέλει.
887 4258 979 4311 cf.
1014 4266 1207 4312 tamen
1246 4268 1305 4313 et
1340 4261 1613 4315 Mueller.
1651 4263 1793 4317 Dor.
1832 4262 1862 4312 1
1899 4280 1953 4331 p.
1994 4262 2117 4317 134.
2174 4263 2235 4317 11
2270 4281 2328 4334 p.
2363 4260 2475 4315 377
2515 4268 2573 4310 et
2604 4256 2782 4308 Bern-

596 4327 785 4398 hardy
824 4326 1081 4386 Gruudr.
1118 4331 1174 4388 d.
1216 4332 1449 4388 Griech.
1485 4335 1629 4387 Lite.
1666 4335 1697 4388 1
1731 4352 1789 4404 Ρ.
1830 4333 1903 4390 55
1939 4351 2027 4405 sq.
2339 4332 2348 4340 ‘
2441 4357 2444 4360 ¹
