<?xml version="1.0" encoding="UTF-8"?>
<!DOCTYPE html PUBLIC "-//W3C//DTD XHTML 1.0 Transitional//EN"
    "http://www.w3.org/TR/xhtml1/DTD/xhtml1-transitional.dtd">
<html xmlns="http://www.w3.org/1999/xhtml" xml:lang="en" lang="en">
 <head>
  <title>
</title>
<meta http-equiv="Content-Type" content="text/html;charset=utf-8" />
  <meta name='ocr-system' content='tesseract 3.04.00' />
  <meta name='ocr-capabilities' content='ocr_page ocr_carea ocr_par ocr_line ocrx_word'/>
</head>
<body>
  <div class='ocr_page' id='page_1' title='image "antiquitatesiur00schgoog_0196.png"; bbox 0 0 3067 4975; ppageno 0'>
   <div class='ocr_carea' id='block_1_1' title="bbox 616 333 2388 469">
    <p class='ocr_par' dir='ltr' id='par_1_1' title="bbox 616 333 2388 469">
     <span class='ocr_line' id='line_1_1' title="bbox 616 333 2388 469; baseline 0.002 -50"><span class='ocrx_word' id='word_1_1' title='bbox 616 348 759 420; x_wconf 81' lang='lat'><strong>186</strong></span> <span class='ocrx_word' id='word_1_2' title='bbox 1009 347 1088 418; x_wconf 88' lang='lat' dir='ltr'><strong>V.</strong></span> <span class='ocrx_word' id='word_1_3' title='bbox 1134 346 1256 420; x_wconf 85' lang='lat' dir='ltr'><strong>De</strong></span> <span class='ocrx_word' id='word_1_4' title='bbox 1301 370 1392 419; x_wconf 77' lang='lat' dir='ltr'><strong>re</strong></span> <span class='ocrx_word' id='word_1_5' title='bbox 1431 345 1748 469; x_wconf 50' lang='lat' dir='ltr'><strong>publiea</strong></span> <span class='ocrx_word' id='word_1_6' title='bbox 1794 333 2388 425; x_wconf 69' lang='lat' dir='ltr'><strong>Athem‘emium.</strong></span> 
     </span>
    </p>
   </div>
   <div class='ocr_carea' id='block_1_2' title="bbox 609 525 2787 724">
    <p class='ocr_par' dir='ltr' id='par_1_2' title="bbox 609 525 2787 724">
     <span class='ocr_line' id='line_1_2' title="bbox 609 525 2787 627; baseline 0.003 -22"><span class='ocrx_word' id='word_1_7' title='bbox 609 533 772 606; x_wconf 85' lang='lat' dir='ltr'><strong>eius</strong></span> <span class='ocrx_word' id='word_1_8' title='bbox 820 534 1107 627; x_wconf 83' lang='lat' dir='ltr'><strong>partes,</strong></span> <span class='ocrx_word' id='word_1_9' title='bbox 1157 525 1418 627; x_wconf 85' lang='lat' dir='ltr'><strong>quales</strong></span> <span class='ocrx_word' id='word_1_10' title='bbox 1466 526 1776 604; x_wconf 82' lang='lat' dir='ltr'><strong>suerunt</strong></span> <span class='ocrx_word' id='word_1_11' title='bbox 1823 528 2080 605; x_wconf 87' lang='lat' dir='ltr'><strong>adulta</strong></span> <span class='ocrx_word' id='word_1_12' title='bbox 2130 537 2208 606; x_wconf 88' lang='lat' dir='ltr'><strong>et</strong></span> <span class='ocrx_word' id='word_1_13' title='bbox 2268 537 2596 610; x_wconf 86' lang='lat' dir='ltr'><strong>maxime</strong></span> <span class='ocrx_word' id='word_1_14' title='bbox 2647 534 2787 611; x_wconf 84' lang='lat' dir='ltr'><strong>flo-</strong></span> 
     </span>
     <span class='ocr_line' id='line_1_3' title="bbox 610 622 2629 724; baseline 0.003 -23"><span class='ocrx_word' id='word_1_15' title='bbox 610 626 829 701; x_wconf 87' lang='lat' dir='ltr'><strong>rente</strong></span> <span class='ocrx_word' id='word_1_16' title='bbox 879 625 1206 719; x_wconf 80' lang='lat' dir='ltr'><strong>civitate,</strong></span> <span class='ocrx_word' id='word_1_17' title='bbox 1254 622 1512 724; x_wconf 84' lang='lat' dir='ltr'><strong>paullo</strong></span> <span class='ocrx_word' id='word_1_18' title='bbox 1565 630 1996 702; x_wconf 78' lang='lat' dir='ltr'><strong>accuratius</strong></span> <span class='ocrx_word' id='word_1_19' title='bbox 2044 629 2629 714; x_wconf 83' lang='lat' dir='ltr'><strong>consideremus.</strong></span> 
     </span>
    </p>
   </div>
   <div class='ocr_carea' id='block_1_3' title="bbox 1503 831 1901 848">
    <p class='ocr_par' dir='ltr' id='par_1_3' title="bbox 1503 831 1901 848">
     <span class='ocr_line' id='line_1_4' title="bbox 1503 831 1901 848; baseline 0 4127"><span class='ocrx_word' id='word_1_20' title='bbox 1503 831 1901 848; x_wconf 95' lang='lat' dir='ltr'><strong> </strong></span> 
     </span>
    </p>
   </div>
   <div class='ocr_carea' id='block_1_4' title="bbox 709 1001 2670 1104">
    <p class='ocr_par' dir='ltr' id='par_1_4' title="bbox 709 1001 2670 1104">
     <span class='ocr_line' id='line_1_5' title="bbox 709 1001 2670 1104; baseline 0.004 -26"><span class='ocrx_word' id='word_1_21' title='bbox 709 1010 776 1079; x_wconf 89' lang='lat'><strong>1.</strong></span> <span class='ocrx_word' id='word_1_22' title='bbox 877 1003 1007 1078; x_wconf 83' lang='lat' dir='ltr'><strong>De</strong></span> <span class='ocrx_word' id='word_1_23' title='bbox 1057 1001 1523 1077; x_wconf 85' lang='lat' dir='ltr'><strong>hominum</strong></span> <span class='ocrx_word' id='word_1_24' title='bbox 1587 1006 1683 1078; x_wconf 91' lang='lat' dir='ltr'><strong>in</strong></span> <span class='ocrx_word' id='word_1_25' title='bbox 1746 1005 2067 1082; x_wconf 81' lang='lat' dir='ltr'><strong>Attiea</strong></span> <span class='ocrx_word' id='word_1_26' title='bbox 2124 1006 2670 1104; x_wconf 80' lang='lat' dir='ltr'><strong>generibus.</strong></span> 
     </span>
    </p>
   </div>
   <div class='ocr_carea' id='block_1_5' title="bbox 1547 1152 1841 1248">
    <p class='ocr_par' dir='ltr' id='par_1_5' title="bbox 1547 1152 1841 1248">
     <span class='ocr_line' id='line_1_6' title="bbox 1547 1152 1841 1248; baseline 0.014 -24"><span class='ocrx_word' id='word_1_27' title='bbox 1547 1169 1615 1248; x_wconf 67' lang='lat'><strong>§-</strong></span> <span class='ocrx_word' id='word_1_28' title='bbox 1663 1152 1841 1228; x_wconf 87' lang='lat' dir='ltr'><strong>XV.</strong></span> 
     </span>
    </p>
   </div>
   <div class='ocr_carea' id='block_1_6' title="bbox 512 1283 2824 2750">
    <p class='ocr_par' dir='ltr' id='par_1_6' title="bbox 512 1283 2794 2069">
     <span class='ocr_line' id='line_1_7' title="bbox 799 1283 2780 1387; baseline 0.003 -26"><span class='ocrx_word' id='word_1_29' title='bbox 799 1289 1051 1362; x_wconf 81' lang='lat' dir='ltr'><strong>Attica</strong></span> <span class='ocrx_word' id='word_1_30' title='bbox 1097 1289 1351 1379; x_wconf 86' lang='lat' dir='ltr'><strong>terra,</strong></span> <span class='ocrx_word' id='word_1_31' title='bbox 1415 1289 1752 1387; x_wconf 86' lang='lat' dir='ltr'><strong>quamvis</strong></span> <span class='ocrx_word' id='word_1_32' title='bbox 1799 1283 2096 1359; x_wconf 81' lang='lat' dir='ltr'><strong>modica</strong></span> <span class='ocrx_word' id='word_1_33' title='bbox 2139 1287 2654 1385; x_wconf 77' lang='lat' dir='ltr'><strong>magnitudine</strong></span> <span class='ocrx_word' id='word_1_34' title='bbox 2705 1300 2780 1372; x_wconf 76' lang='lat' dir='ltr'><strong>et</strong></span> 
     </span>
     <span class='ocr_line' id='line_1_8' title="bbox 607 1379 2778 1482; baseline 0.002 -24"><span class='ocrx_word' id='word_1_35' title='bbox 607 1382 776 1459; x_wconf 87' lang='lat' dir='ltr'><strong>solo</strong></span> <span class='ocrx_word' id='word_1_36' title='bbox 828 1410 978 1458; x_wconf 89' lang='lat' dir='ltr'><strong>non</strong></span> <span class='ocrx_word' id='word_1_37' title='bbox 1029 1381 1427 1458; x_wconf 82' lang='lat' dir='ltr'><strong>admodum</strong></span> <span class='ocrx_word' id='word_1_38' title='bbox 1476 1379 1732 1476; x_wconf 78' lang='lat' dir='ltr'><strong>fertili,</strong></span> <span class='ocrx_word' id='word_1_39' title='bbox 1782 1386 1916 1456; x_wconf 72' lang='lat' dir='ltr'><strong>sat&#39;</strong></span> <span class='ocrx_word' id='word_1_40' title='bbox 1954 1408 2299 1482; x_wconf 79' lang='lat' dir='ltr'><strong>magnam</strong></span> <span class='ocrx_word' id='word_1_41' title='bbox 2351 1392 2598 1462; x_wconf 83' lang='lat' dir='ltr'><strong>tamen</strong></span> <span class='ocrx_word' id='word_1_42' title='bbox 2644 1387 2778 1462; x_wconf 74' lang='lat' dir='ltr'><strong>lna-</strong></span> 
     </span>
     <span class='ocr_line' id='line_1_9' title="bbox 610 1477 2779 1559; baseline 0.002 -4"><span class='ocrx_word' id='word_1_43' title='bbox 610 1478 772 1556; x_wconf 85' lang='lat' dir='ltr'><strong>buit</strong></span> <span class='ocrx_word' id='word_1_44' title='bbox 817 1479 1230 1555; x_wconf 83' lang='lat' dir='ltr'><strong>incolarum</strong></span> <span class='ocrx_word' id='word_1_45' title='bbox 1254 1477 1822 1554; x_wconf 73' lang='lat' dir='ltr'><strong>multitudinem.</strong></span> <span class='ocrx_word' id='word_1_46' title='bbox 1897 1481 2315 1554; x_wconf 82' lang='lat' dir='ltr'><strong>Universus</strong></span> <span class='ocrx_word' id='word_1_47' title='bbox 2342 1480 2605 1557; x_wconf 84' lang='lat' dir='ltr'><strong>horum</strong></span> <span class='ocrx_word' id='word_1_48' title='bbox 2639 1511 2779 1559; x_wconf 91' lang='lat' dir='ltr'><strong>nu-</strong></span> 
     </span>
     <span class='ocr_line' id='line_1_10' title="bbox 604 1573 2779 1681; baseline 0.001 -29"><span class='ocrx_word' id='word_1_49' title='bbox 604 1604 881 1672; x_wconf 78' lang='lat' dir='ltr'><strong>meruS,</strong></span> <span class='ocrx_word' id='word_1_50' title='bbox 930 1575 1481 1652; x_wconf 80' lang='lat' dir='ltr'><strong>florentissimis</strong></span> <span class='ocrx_word' id='word_1_51' title='bbox 1529 1573 2008 1676; x_wconf 84' lang='lat' dir='ltr'><strong>reipublicae</strong></span> <span class='ocrx_word' id='word_1_52' title='bbox 2048 1578 2538 1676; x_wconf 73' lang='lat' dir='ltr'><strong>temporibuS,</strong></span> <span class='ocrx_word' id='word_1_53' title='bbox 2563 1587 2779 1681; x_wconf 88' lang='lat' dir='ltr'><strong>quin-</strong></span> 
     </span>
     <span class='ocr_line' id='line_1_11' title="bbox 602 1670 2779 1777; baseline 0.002 -29"><span class='ocrx_word' id='word_1_54' title='bbox 602 1679 860 1774; x_wconf 78' lang='lat' dir='ltr'><strong>gentis</strong></span> <span class='ocrx_word' id='word_1_55' title='bbox 912 1675 1228 1773; x_wconf 82' lang='lat' dir='ltr'><strong>amplius</strong></span> <span class='ocrx_word' id='word_1_56' title='bbox 1276 1670 1608 1748; x_wconf 81' lang='lat' dir='ltr'><strong>millibus</strong></span> <span class='ocrx_word' id='word_1_57' title='bbox 1658 1677 1955 1748; x_wconf 81' lang='lat' dir='ltr'><strong>censeri</strong></span> <span class='ocrx_word' id='word_1_58' title='bbox 2001 1680 2284 1773; x_wconf 80' lang='lat' dir='ltr'><strong>potest,</strong></span> <span class='ocrx_word' id='word_1_59' title='bbox 2351 1702 2454 1751; x_wconf 81' lang='lat' dir='ltr'><strong>ex</strong></span> <span class='ocrx_word' id='word_1_60' title='bbox 2504 1676 2779 1777; x_wconf 90' lang='lat' dir='ltr'><strong>quibus</strong></span> 
     </span>
     <span class='ocr_line' id='line_1_12' title="bbox 590 1767 2777 1876; baseline 0.002 -30"><span class='ocrx_word' id='word_1_61' title='bbox 590 1799 999 1847; x_wconf 76' lang='lat' dir='ltr'><strong>servorum</strong></span> <span class='ocrx_word' id='word_1_62' title='bbox 1047 1769 1277 1846; x_wconf 87' lang='lat' dir='ltr'><strong>millia</strong></span> <span class='ocrx_word' id='word_1_63' title='bbox 1323 1767 1923 1871; x_wconf 76' lang='lat' dir='ltr'><strong>quadringenta,</strong></span> <span class='ocrx_word' id='word_1_64' title='bbox 1987 1774 2060 1844; x_wconf 84' lang='lat' dir='ltr'><strong>in</strong></span> <span class='ocrx_word' id='word_1_65' title='bbox 2120 1772 2515 1850; x_wconf 89' lang='lat' dir='ltr'><strong>uilinorum</strong></span> <span class='ocrx_word' id='word_1_66' title='bbox 2592 1803 2777 1876; x_wconf 86' lang='lat' dir='ltr'><strong>qua-</strong></span> 
     </span>
     <span class='ocr_line' id='line_1_13' title="bbox 606 1797 2773 1973; baseline 0.002 -32"><span class='ocrx_word' id='word_1_67' title='bbox 606 1868 961 1967; x_wconf 77' lang='lat' dir='ltr'><strong>draginta</strong></span> <span class='ocrx_word' id='word_1_68' title='bbox 1010 1875 1372 1973; x_wconf 85' lang='lat' dir='ltr'><strong>quinque,</strong></span> <span class='ocrx_word' id='word_1_69' title='bbox 1433 1868 1725 1968; x_wconf 88' lang='lat' dir='ltr'><strong>reliqua</strong></span> <span class='ocrx_word' id='word_1_70' title='bbox 1774 1797 2171 1942; x_wconf 66' lang='lat' dir='ltr'><strong>multitullo</strong></span> <span class='ocrx_word' id='word_1_71' title='bbox 2238 1872 2556 1945; x_wconf 85' lang='lat' dir='ltr'><strong>civium¹</strong></span> <span class='ocrx_word' id='word_1_72' title='bbox 2604 1925 2626 1945; x_wconf 89' lang='lat'><strong>.</strong></span> <span class='ocrx_word' id='word_1_73' title='bbox 2680 1919 2773 1935; x_wconf 85' lang='lat'><strong>--</strong></span> 
     </span>
     <span class='ocr_line' id='line_1_14' title="bbox 512 1962 2794 2069; baseline 0.002 -27"><span class='ocrx_word' id='word_1_74' title='bbox 512 2057 517 2062; x_wconf 26' lang='grc' dir='ltr'>Ι</span> <span class='ocrx_word' id='word_1_75' title='bbox 605 1966 833 2042; x_wconf 83' lang='lat' dir='ltr'><strong>Servi</strong></span> <span class='ocrx_word' id='word_1_76' title='bbox 913 1994 1174 2042; x_wconf 87' lang='lat' dir='ltr'><strong>omnes</strong></span> <span class='ocrx_word' id='word_1_77' title='bbox 1253 1991 1354 2041; x_wconf 81' lang='lat' dir='ltr'><strong>ex</strong></span> <span class='ocrx_word' id='word_1_78' title='bbox 1432 1962 1804 2039; x_wconf 85' lang='lat' dir='ltr'><strong>venalium</strong></span> <span class='ocrx_word' id='word_1_79' title='bbox 1866 1990 2197 2062; x_wconf 76' lang='lat' dir='ltr'><strong>genere:</strong></span> <span class='ocrx_word' id='word_1_80' title='bbox 2260 1993 2432 2041; x_wconf 89' lang='lat' dir='ltr'><strong>nam</strong></span> <span class='ocrx_word' id='word_1_81' title='bbox 2494 1968 2794 2069; x_wconf 82' lang='lat' dir='ltr'><strong>gebae-</strong></span> 
     </span>
    </p>

    <p class='ocr_par' dir='ltr' id='par_1_7' title="bbox 596 2060 2824 2750">
     <span class='ocr_line' id='line_1_15' title="bbox 603 2060 2771 2167; baseline 0.002 -30"><span class='ocrx_word' id='word_1_82' title='bbox 603 2061 1030 2163; x_wconf 79' lang='lat' dir='ltr'><strong>adscriptos</strong></span> <span class='ocrx_word' id='word_1_83' title='bbox 1100 2067 1178 2137; x_wconf 88' lang='lat' dir='ltr'><strong>et</strong></span> <span class='ocrx_word' id='word_1_84' title='bbox 1235 2061 1659 2137; x_wconf 80' lang='lat' dir='ltr'><strong>helotarum</strong></span> <span class='ocrx_word' id='word_1_85' title='bbox 1734 2060 2011 2135; x_wconf 87' lang='lat' dir='ltr'><strong>similes</strong></span> <span class='ocrx_word' id='word_1_86' title='bbox 2072 2067 2320 2137; x_wconf 80' lang='lat' dir='ltr'><strong>Attica</strong></span> <span class='ocrx_word' id='word_1_87' title='bbox 2393 2092 2771 2167; x_wconf 84' lang='lat' dir='ltr'><strong>nunquam</strong></span> 
     </span>
     <span class='ocr_line' id='line_1_16' title="bbox 600 2157 2824 2238; baseline 0.002 -4"><span class='ocrx_word' id='word_1_88' title='bbox 600 2157 882 2235; x_wconf 79' lang='lat' dir='ltr'><strong>habuit.</strong></span> <span class='ocrx_word' id='word_1_89' title='bbox 955 2162 1199 2235; x_wconf 81' lang='lat' dir='ltr'><strong>Erant</strong></span> <span class='ocrx_word' id='word_1_90' title='bbox 1246 2164 1269 2233; x_wconf 91' lang='lat' dir='ltr'><strong>i</strong></span> <span class='ocrx_word' id='word_1_91' title='bbox 1327 2164 1481 2232; x_wconf 89' lang='lat' dir='ltr'><strong>itur</strong></span> <span class='ocrx_word' id='word_1_92' title='bbox 1534 2184 1795 2232; x_wconf 81' lang='lat' dir='ltr'><strong>omues</strong></span> <span class='ocrx_word' id='word_1_93' title='bbox 1844 2163 1977 2233; x_wconf 84' lang='lat' dir='ltr'><strong>aut</strong></span> <span class='ocrx_word' id='word_1_94' title='bbox 2025 2186 2265 2234; x_wconf 86' lang='lat' dir='ltr'><strong>aman</strong></span> <span class='ocrx_word' id='word_1_95' title='bbox 2332 2161 2604 2237; x_wconf 89' lang='lat' dir='ltr'><strong>onibus</strong></span> <span class='ocrx_word' id='word_1_96' title='bbox 2637 2164 2824 2238; x_wconf 66' lang='lat' dir='ltr'><strong>ad·-</strong></span> 
     </span>
     <span class='ocr_line' id='line_1_17' title="bbox 600 2185 2773 2356; baseline 0.003 -25"><span class='ocrx_word' id='word_1_97' title='bbox 600 2262 794 2333; x_wconf 81' lang='lat' dir='ltr'><strong>vecti</strong></span> <span class='ocrx_word' id='word_1_98' title='bbox 824 2261 890 2356; x_wconf 86' lang='lat'><strong>²)</strong></span> <span class='ocrx_word' id='word_1_99' title='bbox 955 2261 1087 2334; x_wconf 89' lang='lat' dir='ltr'><strong>aut</strong></span> <span class='ocrx_word' id='word_1_100' title='bbox 1144 2185 1348 2331; x_wconf 53' lang='lat' dir='ltr'><strong>belfo</strong></span> <span class='ocrx_word' id='word_1_101' title='bbox 1411 2259 1612 2354; x_wconf 85' lang='lat' dir='ltr'><strong>eapti</strong></span> <span class='ocrx_word' id='word_1_102' title='bbox 1642 2257 1703 2351; x_wconf 79' lang='lat'><strong>³)</strong></span> <span class='ocrx_word' id='word_1_103' title='bbox 1771 2264 1902 2330; x_wconf 82' lang='lat' dir='ltr'><strong>aut</strong></span> <span class='ocrx_word' id='word_1_104' title='bbox 1967 2185 2327 2334; x_wconf 51' lang='lat' dir='ltr'><strong>vernaeff</strong></span> <span class='ocrx_word' id='word_1_105' title='bbox 2348 2312 2372 2352; x_wconf 99' lang='lat'><strong>,</strong></span> <span class='ocrx_word' id='word_1_106' title='bbox 2437 2260 2773 2338; x_wconf 90' lang='lat' dir='ltr'><strong>nonnulli</strong></span> 
     </span>
     <span class='ocr_line' id='line_1_18' title="bbox 602 2352 2769 2458; baseline 0.001 -28"><span class='ocrx_word' id='word_1_107' title='bbox 602 2360 822 2430; x_wconf 82' lang='lat' dir='ltr'><strong>etiam</strong></span> <span class='ocrx_word' id='word_1_108' title='bbox 845 2359 1046 2430; x_wconf 84' lang='lat' dir='ltr'><strong>servi</strong></span> <span class='ocrx_word' id='word_1_109' title='bbox 1067 2381 1357 2455; x_wconf 87' lang='lat' dir='ltr'><strong>poenae</strong></span> <span class='ocrx_word' id='word_1_110' title='bbox 1386 2353 1495 2449; x_wconf 82' lang='lat'><strong>⁵):</strong></span> <span class='ocrx_word' id='word_1_111' title='bbox 1543 2352 1975 2427; x_wconf 72' lang='lat' dir='ltr'><strong>serviebant</strong></span> <span class='ocrx_word' id='word_1_112' title='bbox 2010 2363 2255 2430; x_wconf 83' lang='lat' dir='ltr'><strong>autem</strong></span> <span class='ocrx_word' id='word_1_113' title='bbox 2296 2359 2428 2429; x_wconf 85' lang='lat' dir='ltr'><strong>aut</strong></span> <span class='ocrx_word' id='word_1_114' title='bbox 2475 2362 2585 2431; x_wconf 90' lang='lat' dir='ltr'><strong>rei</strong></span> <span class='ocrx_word' id='word_1_115' title='bbox 2626 2386 2769 2458; x_wconf 85' lang='lat' dir='ltr'><strong>pu-</strong></span> 
     </span>
     <span class='ocr_line' id='line_1_19' title="bbox 597 2447 2769 2555; baseline 0.001 -27"><span class='ocrx_word' id='word_1_116' title='bbox 597 2449 845 2529; x_wconf 83' lang='lat' dir='ltr'><strong>blicae</strong></span> <span class='ocrx_word' id='word_1_117' title='bbox 896 2453 1029 2530; x_wconf 86' lang='lat' dir='ltr'><strong>aut</strong></span> <span class='ocrx_word' id='word_1_118' title='bbox 1073 2454 1413 2552; x_wconf 58' lang='lat' dir='ltr'><strong>privati&amp;</strong></span> <span class='ocrx_word' id='word_1_119' title='bbox 1512 2450 1580 2524; x_wconf 86' lang='lat' dir='ltr'><strong>E</strong></span> <span class='ocrx_word' id='word_1_120' title='bbox 1631 2447 1951 2549; x_wconf 80' lang='lat' dir='ltr'><strong>publicis</strong></span> <span class='ocrx_word' id='word_1_121' title='bbox 2001 2457 2243 2527; x_wconf 82' lang='lat' dir='ltr'><strong>servis</strong></span> <span class='ocrx_word' id='word_1_122' title='bbox 2292 2458 2769 2555; x_wconf 77' lang='lat' dir='ltr'><strong>apparitores</strong></span> 
     </span>
     <span class='ocr_line' id='line_1_20' title="bbox 600 2546 2771 2651; baseline 0.001 -27"><span class='ocrx_word' id='word_1_123' title='bbox 600 2553 678 2624; x_wconf 89' lang='lat' dir='ltr'><strong>et</strong></span> <span class='ocrx_word' id='word_1_124' title='bbox 727 2554 1025 2625; x_wconf 87' lang='lat' dir='ltr'><strong>aeeensi</strong></span> <span class='ocrx_word' id='word_1_125' title='bbox 1077 2552 1655 2647; x_wconf 76' lang='lat' dir='ltr'><strong>magistratuum</strong></span> <span class='ocrx_word' id='word_1_126' title='bbox 1684 2546 2168 2624; x_wconf 71' lang='lat' dir='ltr'><strong>sumebantur</strong></span> <span class='ocrx_word' id='word_1_127' title='bbox 2194 2554 2299 2649; x_wconf 84' lang='lat'><strong>⁶),</strong></span> <span class='ocrx_word' id='word_1_128' title='bbox 2350 2579 2771 2651; x_wconf 84' lang='lat' dir='ltr'><strong>praecones</strong></span> 
     </span>
     <span class='ocr_line' id='line_1_21' title="bbox 596 2644 2768 2750; baseline 0.002 -28"><span class='ocrx_word' id='word_1_129' title='bbox 596 2674 864 2748; x_wconf 89' lang='lat' dir='ltr'><strong>porro,</strong></span> <span class='ocrx_word' id='word_1_130' title='bbox 894 2645 1221 2742; x_wconf 80' lang='lat' dir='ltr'><strong>scribae,</strong></span> <span class='ocrx_word' id='word_1_131' title='bbox 1249 2644 1628 2738; x_wconf 81' lang='lat' dir='ltr'><strong>tabularii,</strong></span> <span class='ocrx_word' id='word_1_132' title='bbox 1679 2646 2096 2721; x_wconf 82' lang='lat' dir='ltr'><strong>rationales</strong></span> <span class='ocrx_word' id='word_1_133' title='bbox 2125 2649 2212 2744; x_wconf 84' lang='lat'><strong>⁷),</strong></span> <span class='ocrx_word' id='word_1_134' title='bbox 2262 2654 2608 2725; x_wconf 88' lang='lat' dir='ltr'><strong>monetae</strong></span> <span class='ocrx_word' id='word_1_135' title='bbox 2632 2679 2768 2750; x_wconf 86' lang='lat' dir='ltr'><strong>pn-</strong></span> 
     </span>
    </p>
   </div>
   <div class='ocr_carea' id='block_1_7' title="bbox 595 2792 997 2811">
    <p class='ocr_par' dir='ltr' id='par_1_8' title="bbox 595 2792 997 2811">
     <span class='ocr_line' id='line_1_22' title="bbox 595 2792 997 2811; baseline 0 2164"><span class='ocrx_word' id='word_1_136' title='bbox 595 2792 997 2811; x_wconf 95' lang='lat' dir='ltr'><strong> </strong></span> 
     </span>
    </p>
   </div>
   <div class='ocr_carea' id='block_1_8' title="bbox 593 2851 2767 3017">
    <p class='ocr_par' dir='ltr' id='par_1_9' title="bbox 593 2851 2767 3017">
     <span class='ocr_line' id='line_1_23' title="bbox 736 2851 2767 2926; baseline -0 -15"><span class='ocrx_word' id='word_1_137' title='bbox 736 2852 800 2926; x_wconf 92' lang='grc'><strong>1)</strong></span> <span class='ocrx_word' id='word_1_138' title='bbox 839 2855 929 2911; x_wconf 77' lang='lat' dir='ltr'><strong>Cf.</strong></span> <span class='ocrx_word' id='word_1_139' title='bbox 978 2855 1236 2910; x_wconf 72' lang='lat' dir='ltr'><strong>Glinton.</strong></span> <span class='ocrx_word' id='word_1_140' title='bbox 1283 2854 1352 2908; x_wconf 77' lang='lat' dir='ltr'><strong>F.</strong></span> <span class='ocrx_word' id='word_1_141' title='bbox 1398 2851 1471 2905; x_wconf 81' lang='lat' dir='ltr'><strong>H.</strong></span> <span class='ocrx_word' id='word_1_142' title='bbox 1513 2871 1570 2924; x_wconf 77' lang='grc' dir='ltr'><strong>Ρ.</strong></span> <span class='ocrx_word' id='word_1_143' title='bbox 1602 2851 1911 2907; x_wconf 82' lang='grc'><strong>397-400</strong></span> <span class='ocrx_word' id='word_1_144' title='bbox 1947 2854 2167 2924; x_wconf 75' lang='lat' dir='ltr'><strong>Krueg.</strong></span> <span class='ocrx_word' id='word_1_145' title='bbox 2236 2853 2495 2909; x_wconf 83' lang='lat' dir='ltr'><strong>Boeekh.</strong></span> <span class='ocrx_word' id='word_1_146' title='bbox 2535 2856 2607 2910; x_wconf 86' lang='lat' dir='ltr'><strong>de</strong></span> <span class='ocrx_word' id='word_1_147' title='bbox 2644 2878 2767 2912; x_wconf 84' lang='lat' dir='ltr'><strong>oec.</strong></span> 
     </span>
     <span class='ocr_line' id='line_1_24' title="bbox 593 2921 2765 3017; baseline 0 -35"><span class='ocrx_word' id='word_1_148' title='bbox 593 2949 645 2983; x_wconf 84' lang='lat' dir='ltr'><strong>r.</strong></span> <span class='ocrx_word' id='word_1_149' title='bbox 678 2949 736 3001; x_wconf 81' lang='grc' dir='ltr'><strong>Ρ.</strong></span> <span class='ocrx_word' id='word_1_150' title='bbox 774 2932 845 2982; x_wconf 74' lang='lat' dir='ltr'><strong>A.</strong></span> <span class='ocrx_word' id='word_1_151' title='bbox 879 2929 913 2982; x_wconf 91' lang='lat'>1</span> <span class='ocrx_word' id='word_1_152' title='bbox 942 2947 1007 3001; x_wconf 77' lang='grc' dir='ltr'><strong>Ρ.</strong></span> <span class='ocrx_word' id='word_1_153' title='bbox 1041 2928 1115 2983; x_wconf 82' lang='grc'><strong>39</strong></span> <span class='ocrx_word' id='word_1_154' title='bbox 1158 2945 1243 2999; x_wconf 71' lang='lat' dir='ltr'><strong>sq.</strong></span> <span class='ocrx_word' id='word_1_155' title='bbox 1325 2921 1598 2978; x_wconf 81' lang='lat' dir='ltr'><strong>Mueller·</strong></span> <span class='ocrx_word' id='word_1_156' title='bbox 1643 2926 1707 2978; x_wconf 84' lang='lat' dir='ltr'><strong>in</strong></span> <span class='ocrx_word' id='word_1_157' title='bbox 1750 2924 1954 2979; x_wconf 68' lang='lat' dir='ltr'><strong>Erech.</strong></span> <span class='ocrx_word' id='word_1_158' title='bbox 2003 2936 2061 2979; x_wconf 82' lang='lat' dir='ltr'><strong>et</strong></span> <span class='ocrx_word' id='word_1_159' title='bbox 2107 2927 2290 2980; x_wconf 78' lang='lat' dir='ltr'><strong>Gruh.</strong></span> <span class='ocrx_word' id='word_1_160' title='bbox 2335 2928 2577 3017; x_wconf 48' lang='lat' dir='ltr'><strong>Encgel.</strong></span> <span class='ocrx_word' id='word_1_161' title='bbox 2622 2950 2668 2986; x_wconf 76' lang='lat' dir='ltr'><strong>s.</strong></span> <span class='ocrx_word' id='word_1_162' title='bbox 2708 2949 2765 2989; x_wconf 81' lang='lat' dir='ltr'><strong>v.</strong></span> 
     </span>
    </p>
   </div>
   <div class='ocr_carea' id='block_1_9' title="bbox 595 3000 819 3056">
    <p class='ocr_par' dir='ltr' id='par_1_10' title="bbox 595 3000 819 3056">
     <span class='ocr_line' id='line_1_25' title="bbox 595 3000 819 3056; baseline -0.018 0"><span class='ocrx_word' id='word_1_163' title='bbox 595 3000 819 3056; x_wconf 74' lang='lat' dir='ltr'><strong>Attika.</strong></span> 
     </span>
    </p>
   </div>
   <div class='ocr_carea' id='block_1_10' title="bbox 587 3104 2765 3397">
    <p class='ocr_par' dir='ltr' id='par_1_11' title="bbox 587 3104 2765 3397">
     <span class='ocr_line' id='line_1_26' title="bbox 587 3104 2763 3179; baseline -0 -16"><span class='ocrx_word' id='word_1_164' title='bbox 587 3150 591 3154; x_wconf 62' lang='grc'><em>»</em></span> <span class='ocrx_word' id='word_1_165' title='bbox 738 3105 804 3179; x_wconf 92' lang='grc'><strong>2)</strong></span> <span class='ocrx_word' id='word_1_166' title='bbox 842 3106 933 3162; x_wconf 78' lang='lat' dir='ltr'><strong>cf.</strong></span> <span class='ocrx_word' id='word_1_167' title='bbox 970 3106 1187 3177; x_wconf 75' lang='lat' dir='ltr'><strong>Heynii</strong></span> <span class='ocrx_word' id='word_1_168' title='bbox 1222 3123 1427 3159; x_wconf 82' lang='lat' dir='ltr'><strong>eomm.</strong></span> <span class='ocrx_word' id='word_1_169' title='bbox 1466 3120 1498 3158; x_wconf 86' lang='lat' dir='ltr'><strong>e</strong></span> <span class='ocrx_word' id='word_1_170' title='bbox 1534 3104 1745 3176; x_wconf 82' lang='lat' dir='ltr'><strong>quibus</strong></span> <span class='ocrx_word' id='word_1_171' title='bbox 1782 3105 1949 3157; x_wconf 78' lang='lat' dir='ltr'><strong>terris</strong></span> <span class='ocrx_word' id='word_1_172' title='bbox 1986 3106 2269 3177; x_wconf 77' lang='lat' dir='ltr'><strong>mancipia</strong></span> <span class='ocrx_word' id='word_1_173' title='bbox 2315 3108 2374 3159; x_wconf 89' lang='lat' dir='ltr'><strong>in</strong></span> <span class='ocrx_word' id='word_1_174' title='bbox 2414 3108 2763 3162; x_wconf 77' lang='lat' dir='ltr'><strong>Graecorum</strong></span> 
     </span>
     <span class='ocr_line' id='line_1_27' title="bbox 602 3176 2763 3251; baseline -0.001 -15"><span class='ocrx_word' id='word_1_175' title='bbox 602 3189 660 3237; x_wconf 86' lang='lat' dir='ltr'><strong>et</strong></span> <span class='ocrx_word' id='word_1_176' title='bbox 692 3184 865 3235; x_wconf 81' lang='lat' dir='ltr'><strong>Rom.</strong></span> <span class='ocrx_word' id='word_1_177' title='bbox 902 3180 1034 3233; x_wconf 80' lang='lat' dir='ltr'><strong>fora</strong></span> <span class='ocrx_word' id='word_1_178' title='bbox 1060 3178 1313 3249; x_wconf 45' lang='lat' dir='ltr'><strong>advecta</strong></span> <span class='ocrx_word' id='word_1_179' title='bbox 1345 3180 1481 3231; x_wconf 71' lang='lat' dir='ltr'><strong>sint.</strong></span> <span class='ocrx_word' id='word_1_180' title='bbox 1569 3177 1780 3250; x_wconf 76' lang='lat' dir='ltr'><strong>opuse-</strong></span> <span class='ocrx_word' id='word_1_181' title='bbox 1819 3176 1992 3231; x_wconf 77' lang='lat' dir='ltr'><strong>Aead.</strong></span> <span class='ocrx_word' id='word_1_182' title='bbox 2031 3179 2118 3229; x_wconf 79' lang='grc' dir='ltr'><strong>ΙΙΙ</strong></span> <span class='ocrx_word' id='word_1_183' title='bbox 2168 3196 2223 3247; x_wconf 95' lang='grc' dir='ltr'><strong>Ρ.</strong></span> <span class='ocrx_word' id='word_1_184' title='bbox 2268 3178 2370 3232; x_wconf 87' lang='grc'><strong>120</strong></span> <span class='ocrx_word' id='word_1_185' title='bbox 2416 3199 2539 3251; x_wconf 81' lang='lat' dir='ltr'><strong>sqq.</strong></span> <span class='ocrx_word' id='word_1_186' title='bbox 2608 3180 2763 3234; x_wconf 79' lang='lat' dir='ltr'><strong>Add.</strong></span> 
     </span>
     <span class='ocr_line' id='line_1_28' title="bbox 597 3246 2765 3321; baseline -0.001 -14"><span class='ocrx_word' id='word_1_187' title='bbox 597 3257 727 3307; x_wconf 80' lang='lat' dir='ltr'><strong>intt.</strong></span> <span class='ocrx_word' id='word_1_188' title='bbox 765 3252 835 3304; x_wconf 88' lang='lat' dir='ltr'><strong>ad</strong></span> <span class='ocrx_word' id='word_1_189' title='bbox 872 3248 1165 3321; x_wconf 76' lang='lat' dir='ltr'><strong>Aristoph·</strong></span> <span class='ocrx_word' id='word_1_190' title='bbox 1204 3249 1358 3304; x_wconf 77' lang='lat' dir='ltr'><strong>mut.</strong></span> <span class='ocrx_word' id='word_1_191' title='bbox 1392 3268 1450 3303; x_wconf 78' lang='lat' dir='ltr'><strong>v·</strong></span> <span class='ocrx_word' id='word_1_192' title='bbox 1488 3249 1615 3303; x_wconf 87' lang='grc'><strong>521.</strong></span> <span class='ocrx_word' id='word_1_193' title='bbox 1687 3246 2100 3301; x_wconf 69' lang='lat' dir='ltr'><strong>Waelismuth.</strong></span> <span class='ocrx_word' id='word_1_194' title='bbox 2137 3250 2225 3314; x_wconf 85' lang='lat'><strong>11,</strong></span> <span class='ocrx_word' id='word_1_195' title='bbox 2265 3250 2294 3302; x_wconf 93' lang='lat'>1</span> <span class='ocrx_word' id='word_1_196' title='bbox 2344 3269 2396 3319; x_wconf 86' lang='grc' dir='ltr'><strong>Ρ.</strong></span> <span class='ocrx_word' id='word_1_197' title='bbox 2433 3251 2519 3305; x_wconf 75' lang='grc'><strong>94.</strong></span> <span class='ocrx_word' id='word_1_198' title='bbox 2556 3276 2624 3290; x_wconf 87' lang='lat'>—</span> <span class='ocrx_word' id='word_1_199' title='bbox 2673 3254 2765 3305; x_wconf 87' lang='lat' dir='ltr'><strong>De</strong></span> 
     </span>
     <span class='ocr_line' id='line_1_29' title="bbox 596 3316 2764 3397; baseline 0 -21"><span class='ocrx_word' id='word_1_200' title='bbox 596 3324 790 3397; x_wconf 73' lang='lat' dir='ltr'><strong>plagio</strong></span> <span class='ocrx_word' id='word_1_201' title='bbox 823 3333 882 3377; x_wconf 79' lang='lat' dir='ltr'><strong>et</strong></span> <span class='ocrx_word' id='word_1_202' title='bbox 914 3322 1322 3395; x_wconf 65' lang='lat' dir='ltr'><strong>plagin-iorum</strong></span> <span class='ocrx_word' id='word_1_203' title='bbox 1357 3321 1564 3393; x_wconf 75' lang='lat' dir='ltr'><strong>poenis</strong></span> <span class='ocrx_word' id='word_1_204' title='bbox 1599 3316 1953 3374; x_wconf 69' lang='grc' dir='ltr'><strong>ν.1)ἰιιειιο11.</strong></span> <span class='ocrx_word' id='word_1_205' title='bbox 1988 3321 2051 3372; x_wconf 82' lang='lat' dir='ltr'><strong>in</strong></span> <span class='ocrx_word' id='word_1_206' title='bbox 2089 3320 2387 3374; x_wconf 81' lang='lat' dir='ltr'><strong>Demosth.</strong></span> <span class='ocrx_word' id='word_1_207' title='bbox 2404 3341 2459 3393; x_wconf 89' lang='grc' dir='ltr'><strong>Ρ.</strong></span> <span class='ocrx_word' id='word_1_208' title='bbox 2480 3322 2565 3377; x_wconf 90' lang='grc'><strong>17.</strong></span> <span class='ocrx_word' id='word_1_209' title='bbox 2612 3323 2764 3376; x_wconf 82' lang='lat' dir='ltr'><strong>Har·</strong></span> 
     </span>
    </p>
   </div>
   <div class='ocr_carea' id='block_1_11' title="bbox 594 3393 1825 3570">
    <p class='ocr_par' dir='ltr' id='par_1_12' title="bbox 594 3393 1825 3570">
     <span class='ocr_line' id='line_1_30' title="bbox 594 3393 1389 3470; baseline -0.001 -22"><span class='ocrx_word' id='word_1_210' title='bbox 594 3414 754 3470; x_wconf 76' lang='lat' dir='ltr'><strong>poer-</strong></span> <span class='ocrx_word' id='word_1_211' title='bbox 790 3414 839 3448; x_wconf 75' lang='grc' dir='ltr'><strong>ι.</strong></span> <span class='ocrx_word' id='word_1_212' title='bbox 876 3413 936 3446; x_wconf 80' lang='lat' dir='ltr'><strong>v.</strong></span> <span class='ocrx_word' id='word_1_213' title='bbox 969 3393 1389 3467; x_wconf 69' lang='grc' dir='ltr'><strong>ανδραποδιοταί.</strong></span> 
     </span>
     <span class='ocr_line' id='line_1_31' title="bbox 735 3495 1825 3570; baseline -0.006 -12"><span class='ocrx_word' id='word_1_214' title='bbox 735 3498 806 3569; x_wconf 80' lang='grc'><strong>3)</strong></span> <span class='ocrx_word' id='word_1_215' title='bbox 846 3500 936 3556; x_wconf 81' lang='lat' dir='ltr'><strong>Cf.</strong></span> <span class='ocrx_word' id='word_1_216' title='bbox 973 3498 1128 3554; x_wconf 78' lang='lat' dir='ltr'><strong>infra</strong></span> <span class='ocrx_word' id='word_1_217' title='bbox 1161 3501 1233 3555; x_wconf 82' lang='lat' dir='ltr'><strong>P.</strong></span> <span class='ocrx_word' id='word_1_218' title='bbox 1273 3500 1364 3553; x_wconf 83' lang='lat' dir='ltr'><strong>VI</strong></span> <span class='ocrx_word' id='word_1_219' title='bbox 1398 3517 1450 3557; x_wconf 78' lang='lat' dir='ltr'><strong>e.</strong></span> <span class='ocrx_word' id='word_1_220' title='bbox 1488 3500 1522 3554; x_wconf 90' lang='grc'><strong>1</strong></span> <span class='ocrx_word' id='word_1_221' title='bbox 1560 3495 1611 3570; x_wconf 66' lang='grc' dir='ltr'><strong>ξ.</strong></span> <span class='ocrx_word' id='word_1_222' title='bbox 1643 3500 1698 3568; x_wconf 83' lang='lat'><strong>3,</strong></span> <span class='ocrx_word' id='word_1_223' title='bbox 1737 3500 1825 3553; x_wconf 87' lang='grc'><strong>12.</strong></span> 
     </span>
    </p>
   </div>
   <div class='ocr_carea' id='block_1_12' title="bbox 591 3602 2763 3822">
    <p class='ocr_par' dir='ltr' id='par_1_13' title="bbox 591 3602 2763 3822">
     <span class='ocr_line' id='line_1_32' title="bbox 737 3602 2763 3681; baseline -0.002 -16"><span class='ocrx_word' id='word_1_224' title='bbox 737 3606 802 3680; x_wconf 84' lang='grc'><strong>4)</strong></span> <span class='ocrx_word' id='word_1_225' title='bbox 839 3610 1132 3681; x_wconf 73' lang='grc' dir='ltr'><strong>οἴκογενεῑς,</strong></span> <span class='ocrx_word' id='word_1_226' title='bbox 1164 3606 1494 3681; x_wconf 49' lang='lat' dir='ltr'><strong>&amp;etpumia</strong></span> <span class='ocrx_word' id='word_1_227' title='bbox 1527 3604 1808 3680; x_wconf 73' lang='grc' dir='ltr'><strong>οῖκόιριβες,</strong></span> <span class='ocrx_word' id='word_1_228' title='bbox 1831 3602 2043 3673; x_wconf 72' lang='grc' dir='ltr'><strong>σηκίδες.</strong></span> <span class='ocrx_word' id='word_1_229' title='bbox 2076 3603 2293 3658; x_wconf 84' lang='lat' dir='ltr'><strong>Pollux</strong></span> <span class='ocrx_word' id='word_1_230' title='bbox 2317 3607 2420 3674; x_wconf 86' lang='lat'><strong>111,</strong></span> <span class='ocrx_word' id='word_1_231' title='bbox 2447 3607 2533 3661; x_wconf 80' lang='lat'><strong>76.</strong></span> <span class='ocrx_word' id='word_1_232' title='bbox 2580 3607 2763 3662; x_wconf 75' lang='lat' dir='ltr'><strong>Athe-</strong></span> 
     </span>
     <span class='ocr_line' id='line_1_33' title="bbox 592 3676 2762 3753; baseline -0.002 -16"><span class='ocrx_word' id='word_1_233' title='bbox 592 3701 721 3737; x_wconf 83' lang='lat' dir='ltr'><strong>nae.</strong></span> <span class='ocrx_word' id='word_1_234' title='bbox 753 3683 862 3750; x_wconf 85' lang='lat' dir='ltr'><strong>vl,</strong></span> <span class='ocrx_word' id='word_1_235' title='bbox 897 3682 970 3736; x_wconf 83' lang='lat'><strong>83</strong></span> <span class='ocrx_word' id='word_1_236' title='bbox 1011 3700 1063 3753; x_wconf 87' lang='grc' dir='ltr'><strong>Ρ.</strong></span> <span class='ocrx_word' id='word_1_237' title='bbox 1103 3678 1225 3733; x_wconf 81' lang='grc'><strong>263.</strong></span> <span class='ocrx_word' id='word_1_238' title='bbox 1308 3678 1396 3732; x_wconf 78' lang='lat' dir='ltr'><strong>cf.</strong></span> <span class='ocrx_word' id='word_1_239' title='bbox 1445 3676 1696 3731; x_wconf 81' lang='lat' dir='ltr'><strong>Loheek.</strong></span> <span class='ocrx_word' id='word_1_240' title='bbox 1748 3678 1821 3729; x_wconf 83' lang='lat' dir='ltr'><strong>ad</strong></span> <span class='ocrx_word' id='word_1_241' title='bbox 1869 3676 2084 3746; x_wconf 76' lang='lat' dir='ltr'><strong>Plu-yn.</strong></span> <span class='ocrx_word' id='word_1_242' title='bbox 2127 3697 2184 3748; x_wconf 83' lang='grc' dir='ltr'><strong>Ρ.</strong></span> <span class='ocrx_word' id='word_1_243' title='bbox 2220 3678 2348 3731; x_wconf 86' lang='grc'><strong>202.</strong></span> <span class='ocrx_word' id='word_1_244' title='bbox 2421 3680 2510 3732; x_wconf 78' lang='lat' dir='ltr'><strong>De</strong></span> <span class='ocrx_word' id='word_1_245' title='bbox 2560 3689 2762 3733; x_wconf 79' lang='lat' dir='ltr'><strong>eontu-</strong></span> 
     </span>
     <span class='ocr_line' id='line_1_34' title="bbox 591 3747 2040 3822; baseline -0.003 -14"><span class='ocrx_word' id='word_1_246' title='bbox 591 3754 808 3816; x_wconf 74' lang='lat' dir='ltr'><strong>herniis</strong></span> <span class='ocrx_word' id='word_1_247' title='bbox 840 3770 1142 3815; x_wconf 77' lang='lat' dir='ltr'><strong>servorum</strong></span> <span class='ocrx_word' id='word_1_248' title='bbox 1177 3747 1294 3803; x_wconf 79' lang='lat' dir='ltr'><strong>vid.</strong></span> <span class='ocrx_word' id='word_1_249' title='bbox 1328 3748 1602 3822; x_wconf 74' lang='lat' dir='ltr'><strong>Xenoph.</strong></span> <span class='ocrx_word' id='word_1_250' title='bbox 1642 3750 1858 3803; x_wconf 81' lang='lat' dir='ltr'><strong>Oeeon.</strong></span> <span class='ocrx_word' id='word_1_251' title='bbox 1897 3749 1949 3817; x_wconf 87' lang='grc'><strong>9,</strong></span> <span class='ocrx_word' id='word_1_252' title='bbox 1985 3751 2040 3803; x_wconf 80' lang='lat'><strong>5.</strong></span> 
     </span>
    </p>
   </div>
   <div class='ocr_carea' id='block_1_13' title="bbox 729 3856 2105 3930">
    <p class='ocr_par' dir='ltr' id='par_1_14' title="bbox 729 3856 2105 3930">
     <span class='ocr_line' id='line_1_35' title="bbox 729 3856 2105 3930; baseline -0.006 -14"><span class='ocrx_word' id='word_1_253' title='bbox 729 3856 796 3930; x_wconf 76' lang='lat'><strong>5)</strong></span> <span class='ocrx_word' id='word_1_254' title='bbox 834 3859 971 3914; x_wconf 79' lang='lat' dir='ltr'><strong>vid.</strong></span> <span class='ocrx_word' id='word_1_255' title='bbox 1009 3860 1215 3914; x_wconf 84' lang='lat' dir='ltr'><strong>Meier.</strong></span> <span class='ocrx_word' id='word_1_256' title='bbox 1253 3857 1324 3911; x_wconf 86' lang='lat' dir='ltr'><strong>de</strong></span> <span class='ocrx_word' id='word_1_257' title='bbox 1358 3856 1494 3910; x_wconf 74' lang='lat' dir='ltr'><strong>hon.</strong></span> <span class='ocrx_word' id='word_1_258' title='bbox 1535 3857 1725 3914; x_wconf 77' lang='lat' dir='ltr'><strong>damn.</strong></span> <span class='ocrx_word' id='word_1_259' title='bbox 1761 3876 1818 3930; x_wconf 86' lang='grc' dir='ltr'><strong>Ρ.</strong></span> <span class='ocrx_word' id='word_1_260' title='bbox 1851 3856 2105 3911; x_wconf 74' lang='grc'><strong>31-47.</strong></span> 
     </span>
    </p>
   </div>
   <div class='ocr_carea' id='block_1_14' title="bbox 591 3963 2761 4179">
    <p class='ocr_par' dir='ltr' id='par_1_15' title="bbox 591 3963 2761 4179">
     <span class='ocr_line' id='line_1_36' title="bbox 733 3963 2761 4038; baseline -0.002 -15"><span class='ocrx_word' id='word_1_261' title='bbox 733 3964 799 4038; x_wconf 82' lang='grc'><strong>6)</strong></span> <span class='ocrx_word' id='word_1_262' title='bbox 835 3967 929 4022; x_wconf 79' lang='lat' dir='ltr'><strong>cf.</strong></span> <span class='ocrx_word' id='word_1_263' title='bbox 965 3968 1143 4021; x_wconf 77' lang='lat' dir='ltr'><strong>Arist.</strong></span> <span class='ocrx_word' id='word_1_264' title='bbox 1178 3964 1354 4025; x_wconf 83' lang='lat' dir='ltr'><strong>Polit.</strong></span> <span class='ocrx_word' id='word_1_265' title='bbox 1391 3963 1510 4030; x_wconf 77' lang='lat' dir='ltr'><strong>IV,</strong></span> <span class='ocrx_word' id='word_1_266' title='bbox 1548 3966 1648 4032; x_wconf 86' lang='grc'><strong>12,</strong></span> <span class='ocrx_word' id='word_1_267' title='bbox 1681 3966 1736 4018; x_wconf 85' lang='grc'><strong>3.</strong></span> <span class='ocrx_word' id='word_1_268' title='bbox 1820 3963 2013 4034; x_wconf 78' lang='lat' dir='ltr'><strong>Etym.</strong></span> <span class='ocrx_word' id='word_1_269' title='bbox 2048 3963 2130 4022; x_wconf 82' lang='grc' dir='ltr'><strong>Μ.</strong></span> <span class='ocrx_word' id='word_1_270' title='bbox 2173 3983 2231 4036; x_wconf 87' lang='grc' dir='ltr'><strong>Ρ.</strong></span> <span class='ocrx_word' id='word_1_271' title='bbox 2268 3964 2406 4025; x_wconf 79' lang='lat'><strong>265,</strong></span> <span class='ocrx_word' id='word_1_272' title='bbox 2451 3964 2539 4018; x_wconf 81' lang='lat'><strong>3⁰.</strong></span> <span class='ocrx_word' id='word_1_273' title='bbox 2621 3964 2761 4019; x_wconf 80' lang='lat' dir='ltr'><strong>Lex.</strong></span> 
     </span>
     <span class='ocr_line' id='line_1_37' title="bbox 591 4035 2760 4108; baseline -0.002 -15"><span class='ocrx_word' id='word_1_274' title='bbox 591 4041 832 4108; x_wconf 79' lang='lat' dir='ltr'><strong>Seguer.</strong></span> <span class='ocrx_word' id='word_1_275' title='bbox 910 4075 924 4091; x_wconf 87' lang='lat'><strong>.</strong></span> <span class='ocrx_word' id='word_1_276' title='bbox 961 4038 1085 4106; x_wconf 81' lang='grc'><strong>234,</strong></span> <span class='ocrx_word' id='word_1_277' title='bbox 1126 4039 1211 4092; x_wconf 79' lang='lat'><strong>15.</strong></span> <span class='ocrx_word' id='word_1_278' title='bbox 1283 4038 1574 4090; x_wconf 66' lang='lat' dir='ltr'><strong>Mau-sao.</strong></span> <span class='ocrx_word' id='word_1_279' title='bbox 1613 4035 1687 4096; x_wconf 77' lang='lat' dir='ltr'><strong>ad</strong></span> <span class='ocrx_word' id='word_1_280' title='bbox 1722 4037 2002 4108; x_wconf 70' lang='lat' dir='ltr'><strong>Han-poor.</strong></span> <span class='ocrx_word' id='word_1_281' title='bbox 2023 4044 2159 4089; x_wconf 84' lang='lat' dir='ltr'><strong>tom.</strong></span> <span class='ocrx_word' id='word_1_282' title='bbox 2180 4037 2241 4088; x_wconf 82' lang='lat'><strong>11</strong></span> <span class='ocrx_word' id='word_1_283' title='bbox 2274 4056 2331 4107; x_wconf 89' lang='grc' dir='ltr'><strong>Ρ.</strong></span> <span class='ocrx_word' id='word_1_284' title='bbox 2352 4035 2458 4091; x_wconf 82' lang='grc'><strong>169</strong></span> <span class='ocrx_word' id='word_1_285' title='bbox 2495 4036 2583 4090; x_wconf 85' lang='lat' dir='ltr'><strong>ed.</strong></span> <span class='ocrx_word' id='word_1_286' title='bbox 2603 4037 2760 4107; x_wconf 74' lang='lat' dir='ltr'><strong>Lips.</strong></span> 
     </span>
     <span class='ocr_line' id='line_1_38' title="bbox 592 4059 2759 4179; baseline -0.002 -14"><span class='ocrx_word' id='word_1_287' title='bbox 592 4059 989 4179; x_wconf 59' lang='lat' dir='ltr'><strong>Regnator-llus.</strong></span> <span class='ocrx_word' id='word_1_288' title='bbox 1035 4108 1108 4162; x_wconf 85' lang='lat' dir='ltr'><strong>ad</strong></span> <span class='ocrx_word' id='word_1_289' title='bbox 1153 4107 1381 4169; x_wconf 72' lang='lat' dir='ltr'><strong>Pollue-</strong></span> <span class='ocrx_word' id='word_1_290' title='bbox 1415 4108 1539 4174; x_wconf 78' lang='lat' dir='ltr'><strong>lx,</strong></span> <span class='ocrx_word' id='word_1_291' title='bbox 1578 4108 1665 4166; x_wconf 76' lang='lat'><strong>10,</strong></span> <span class='ocrx_word' id='word_1_292' title='bbox 1737 4109 1911 4173; x_wconf 68' lang='lat' dir='ltr'><strong>l&#39;etit.</strong></span> <span class='ocrx_word' id='word_1_293' title='bbox 1949 4107 2126 4176; x_wconf 70' lang='lat' dir='ltr'><strong>[segg.</strong></span> <span class='ocrx_word' id='word_1_294' title='bbox 2165 4109 2282 4162; x_wconf 75' lang='lat' dir='ltr'><strong>Au.</strong></span> <span class='ocrx_word' id='word_1_295' title='bbox 2315 4127 2371 4179; x_wconf 88' lang='grc' dir='ltr'><strong>Ρ.</strong></span> <span class='ocrx_word' id='word_1_296' title='bbox 2408 4108 2534 4161; x_wconf 79' lang='grc'><strong>342.</strong></span> <span class='ocrx_word' id='word_1_297' title='bbox 2605 4108 2759 4161; x_wconf 73' lang='lat' dir='ltr'><strong>mut.</strong></span> 
     </span>
    </p>
   </div>
   <div class='ocr_carea' id='block_1_15' title="bbox 590 4181 1061 4248">
    <p class='ocr_par' dir='ltr' id='par_1_16' title="bbox 590 4181 1061 4248">
     <span class='ocr_line' id='line_1_39' title="bbox 590 4181 1061 4248; baseline -0.011 -8"><span class='ocrx_word' id='word_1_298' title='bbox 590 4181 888 4248; x_wconf 73' lang='lat' dir='ltr'><strong>Demosth.</strong></span> <span class='ocrx_word' id='word_1_299' title='bbox 927 4201 976 4238; x_wconf 84' lang='lat' dir='ltr'><strong>e.</strong></span> <span class='ocrx_word' id='word_1_300' title='bbox 1005 4182 1061 4236; x_wconf 72' lang='grc' dir='ltr'><strong>ὅ.</strong></span> 
     </span>
    </p>
   </div>
   <div class='ocr_carea' id='block_1_16' title="bbox 592 4283 2756 4437">
    <p class='ocr_par' dir='ltr' id='par_1_17' title="bbox 592 4283 2756 4437">
     <span class='ocr_line' id='line_1_40' title="bbox 737 4283 2756 4361; baseline -0.005 -14"><span class='ocrx_word' id='word_1_301' title='bbox 737 4288 800 4361; x_wconf 85' lang='grc'><strong>7)</strong></span> <span class='ocrx_word' id='word_1_302' title='bbox 838 4289 1115 4349; x_wconf 77' lang='lat' dir='ltr'><strong>Herodot.</strong></span> <span class='ocrx_word' id='word_1_303' title='bbox 1147 4289 1265 4353; x_wconf 78' lang='lat' dir='ltr'><strong>VI,</strong></span> <span class='ocrx_word' id='word_1_304' title='bbox 1311 4288 1435 4352; x_wconf 83' lang='grc'><strong>121.</strong></span> <span class='ocrx_word' id='word_1_305' title='bbox 1507 4284 1808 4347; x_wconf 69' lang='lat' dir='ltr'><strong>Demosth,</strong></span> <span class='ocrx_word' id='word_1_306' title='bbox 1851 4285 1924 4344; x_wconf 77' lang='lat' dir='ltr'><strong>do</strong></span> <span class='ocrx_word' id='word_1_307' title='bbox 1974 4283 2254 4343; x_wconf 72' lang='lat' dir='ltr'><strong>cherson.</strong></span> <span class='ocrx_word' id='word_1_308' title='bbox 2293 4306 2350 4358; x_wconf 80' lang='grc' dir='ltr'><strong>Ρ.</strong></span> <span class='ocrx_word' id='word_1_309' title='bbox 2390 4286 2520 4354; x_wconf 90' lang='grc'><strong>101,</strong></span> <span class='ocrx_word' id='word_1_310' title='bbox 2558 4286 2645 4339; x_wconf 74' lang='grc'><strong>14.</strong></span> <span class='ocrx_word' id='word_1_311' title='bbox 2685 4284 2756 4336; x_wconf 79' lang='lat' dir='ltr'><strong>de</strong></span> 
     </span>
     <span class='ocr_line' id='line_1_41' title="bbox 592 4357 2053 4437; baseline -0.005 -19"><span class='ocrx_word' id='word_1_312' title='bbox 592 4365 631 4420; x_wconf 81' lang='lat' dir='ltr'><strong>f.</strong></span> <span class='ocrx_word' id='word_1_313' title='bbox 670 4364 783 4437; x_wconf 73' lang='lat' dir='ltr'><strong>leg.</strong></span> <span class='ocrx_word' id='word_1_314' title='bbox 819 4382 877 4434; x_wconf 88' lang='grc' dir='ltr'><strong>Ρ.</strong></span> <span class='ocrx_word' id='word_1_315' title='bbox 912 4363 1038 4418; x_wconf 84' lang='lat'><strong>381.</strong></span> <span class='ocrx_word' id='word_1_316' title='bbox 1114 4359 1347 4431; x_wconf 80' lang='lat' dir='ltr'><strong>Ulpian.</strong></span> <span class='ocrx_word' id='word_1_317' title='bbox 1384 4358 1456 4412; x_wconf 80' lang='lat' dir='ltr'><strong>ad</strong></span> <span class='ocrx_word' id='word_1_318' title='bbox 1493 4357 1738 4428; x_wconf 77' lang='lat' dir='ltr'><strong>Olynth.</strong></span> <span class='ocrx_word' id='word_1_319' title='bbox 1776 4358 1841 4411; x_wconf 89' lang='lat'><strong>11</strong></span> <span class='ocrx_word' id='word_1_320' title='bbox 1874 4376 1928 4429; x_wconf 88' lang='grc' dir='ltr'><strong>Ρ.</strong></span> <span class='ocrx_word' id='word_1_321' title='bbox 1965 4359 2053 4411; x_wconf 81' lang='grc'><strong>25.</strong></span> 
     </span>
    </p>
   </div>
   <div class='ocr_carea' id='block_1_17' title="bbox 3017 4080 3024 4730">
    <p class='ocr_par' dir='ltr' id='par_1_18' title="bbox 3017 4080 3024 4730">
     <span class='ocr_line' id='line_1_42' title="bbox 3017 4080 3024 4730; baseline 0 0"><span class='ocrx_word' id='word_1_322' title='bbox 3017 4080 3024 4730; x_wconf 95' lang='lat' dir='ltr'><strong> </strong></span> 
     </span>
    </p>
   </div>
  </div>
 </body>
</html>
