3067 4975
548 388 711 460 326>
895 388 977 461 V.
1028 391 1147 463 De
1194 413 1283 462 re
1352 409 1357 416 1
1367 361 1685 490 publii-a
1733 355 2323 464 Amnem...

560 568 751 645 hlice
799 571 1049 644 missis
1096 568 1872 671 praeficiebantur-¹⁰).
1955 572 2265 647 Partem
2296 571 2753 673 sumptuum-

556 671 636 743 in
702 666 1121 741 huiusmodi
1182 665 1702 768 legationibus
1765 695 1892 743 res
1949 668 2254 769 publica
2303 667 2729 765 tolerabat3

559 764 852 865 reliqua
902 764 1405 839 architectum
1457 769 1616 840 suis
1664 769 2024 865 impensis
2129 770 2467 842 raestare
2498 791 2730 866 opor-

560 860 921 954 tebat¹¹).
1037 863 1283 938 Erant
1346 871 1749 961 praeterea
1815 862 2009 938 aliae
2072 794 2428 964 liturgiae
2498 867 2737 936 mino-

563 985 693 1033 res
753 963 1143 1059 minusque
1210 957 1434 1034 nobis
1482 970 1753 1054 notae,
1873 988 2013 1035 uas
2064 977 2502 1036 enumerare
2550 958 2739 1033 nihil
2855 1005 2860 1008 -

560 1059 845 1131 attinet
872 1059 1001 1156 17’);
1056 1080 1300 1156 neque
1348 1054 1694 1155 publicae
1747 1084 1834 1131 so
1869 1085 2028 1153 um,
2078 1057 2152 1132 h.
2205 1084 2272 1134 e.
2325 1083 2522 1161 quae
2569 1059 2740 1130 uni-

566 1179 834 1231 versae
900 1157 1186 1228 civitati
1249 1156 1856 1254 praestarentur,
1904 1155 2040 1235 sed
2092 1159 2315 1230 etiam
2368 1180 2565 1259 quae
2603 1157 2741 1226 tri·

567 1248 824 1325 bubus
899 1260 1130 1350 atque
1205 1255 1433 1350 pagis
1500 1251 1857 1350 singulis,
1932 1251 2163 1328 veluti
2226 1278 2454 1356 quum
2519 1277 2561 1328 e
2613 1249 2744 1323 ulo

571 1347 890 1424 tribules
965 1357 1096 1422 aut
1170 1353 1453 1447 pagani
1514 1348 2092 1447 excipiebantur
2120 1351 2257 1445 ¹3),
2337 1351 2470 1424 aut
2530 1375 2570 1421 c
2628 1349 2746 1419 ori

570 1451 1015 1639 {ymtnicasse
1092 1450 1504 1521 certamina
1577 1446 2087 1547 pagaualihus
2163 1446 2361 1523 ludis
2425 1443 2747 1521 adorna-

638 1569 729 1616 an
770 1569 859 1617 ur
988 1595 1007 1616 .

1441 1720 1504 1789 ς.
1554 1710 1887 1787 Lxxx.
1949 1659 1964 1674 ’

770 1842 1483 1918 Exiraordinarium
1532 1871 1827 1937 munus,
1877 1842 2106 1946 idque
2155 1869 2383 1918 uuum
2427 1846 2756 1919 omnium

581 1947 983 2015 maximum
1070 1943 1148 2015 et
1209 1944 1971 2038 sumptuosissimum‚
2037 1948 2204 2015 erat
2278 1939 2757 2033 trierarchia,

642 2066 782 2113 uae
834 2036 1235 2111 constabat
1282 2036 1717 2114 triremibus
1770 2038 1866 2112 ad
1913 2037 2091 2114 belli
2123 2066 2338 2112 usum
2371 2043 2756 2112 instruen-

586 2062 705 2208 Εἰς
743 2133 1347 2236 apparandisque
1377 2135 1469 2233 ¹).
1546 2138 1742 2209 Ante
1778 2135 2053 2210 bellum
2081 2136 2498 2227 Persicum,
2530 2159 2756 2238 quum

590 2232 988 2305 admodum
1040 2236 1368 2331 exiguae
1421 2233 2257 2307 essentAtheniensium
2303 2238 2570 2332 copiae
2622 2258 2759 2305 na-

589 2330 841 2424 valeS,
914 2333 1363 2404 naucrariae
1436 2329 1739 2405 fuerant
1798 2329 2310 2431 quadraginta
2378 2338 2592 2421 octo,
2672 2354 2764 2401 ac

589 2430 772 2530 post
845 2426 1298 2505 Clisthenem
1359 2430 1954 2532 quinquaginta,
2081 2448 2343 2504 uarum
2419 2424 2765 2526 singulae

598 2525 943 2624 singulas
992 2552 1228 2599 naves
1278 2531 1728 2630 equitesque
1778 2453 2326 2601 binoszahant
2350 2528 2442 2620 2).
2516 2525 2763 2599 Aucto

599 2621 870 2697 deinde
945 2628 1240 2695 navium
1320 2650 1630 2697 numero
1698 2629 2421 2725 naucrariarumque
2486 2621 2771 2696 descri-

594 2724 857 2821 ptione
919 2717 1205 2792 abolita
1265 2723 1454 2821 quot
1517 2745 1823 2821 quoque
1872 2723 2214 2820 tempore
2265 2747 2458 2819 opus
2520 2718 2778 2795 essent

596 2817 995 2893 trierarchi
1047 2843 1089 2889 e
1146 2816 1726 2917 locupletiorum
1789 2822 2057 2892 civium
2108 2843 2422 2894 numero
2475 2843 2523 2891 a
2573 2819 2775 2890 stra-

602 2964 862 2973 m-.--
876 2962 994 2971 *-

743 3024 844 3096 10)
879 3026 1073 3081 Wolf.
1112 3023 1374 3098 ιιι-01033.
1411 3023 1483 3078 ad
1521 3025 1748 3096 Leptin.
1788 3038 1846 3091 P.
1884 3025 1998 3080 XC
2034 3031 2157 3081 not.
2194 3027 2284 3081 65.
2321 3029 2457 3081 Huc
2488 3026 2785 3098 pertinent

601 3097 937 3170 Pythiastae
974 3118 1032 3151 v.
1069 3098 1407 3170 Pythaistae
1445 3104 1504 3151 et
1534 3097 1855 3156 Deliastae.
1915 3098 2011 3154 Cf.
2047 3099 2120 3153 ad
2157 3101 2304 3154 luae.
2328 3120 2386 3173 Ρ.
2410 3099 2538 3156 367.
2573 3098 2782 3152 Meier-

608 3173 682 3227 ἀεὶ
718 3172 920 3242 gentil.
954 3174 1073 3225 Ate.
1108 3190 1165 3243 Ρ.
1202 3171 1292 3225 51.
1386 3210 1396 3221 .

748 3278 841 3345 ll)
876 3275 1135 3333 Boeckh.
1173 3294 1296 3330 oec.
1334 3293 1383 3330 s.
1421 3287 1479 3342 P.
1515 3277 1590 3328 A.
1631 3273 1664 3329 l
1702 3295 1759 3348 Ρ.
1798 3277 1927 3332 230.

752 3385 844 3451 12)
879 3383 1139 3439 Boeckh.
1185 3383 1303 3438 l.1.
1337 3404 1394 3456 p.
1442 3382 1551 3438 484
1600 3382 2032 3456 arrhephoriam
2081 3386 2510 3450 commemorat,
2562 3379 2635 3433 de
2670 3386 2788 3451 qua

614 3456 689 3512 cf.
735 3455 1006 3512 Mueller.
1064 3457 1315 3508 Minerv.
1370 3455 1494 3508 Pol.
1548 3473 1691 3509 sacr.
1734 3475 1793 3527 p.
1846 3458 1916 3510 14
1961 3474 2048 3528 sq.
2120 3453 2563 3521 Quodammodo
2616 3455 2790 3503 etiam

610 3530 958 3603 ἱπποτροφίαν
999 3545 1057 3580 v.
1120 3529 1373 3597 equitum
1419 3536 1752 3599 perpetuam
1802 3528 1973 3586 etiam
2019 3531 2081 3580 in
2129 3544 2271 3600 pace
2318 3526 2578 3578 militiam
2627 3523 2790 3574 litur-

613 3604 723 3671 giis
770 3601 1059 3653 accenseri
1106 3615 1279 3672 posse
1325 3605 1483 3651 recte
1527 3602 1893 3653 Hermanuus
1942 3602 2182 3668 monuit,
2229 3597 2303 3651 de
2343 3600 2544 3671 equitt.
2579 3597 2699 3648 Att.
2735 3612 2794 3665 p.

618 3675 706 3727 22.
747 3692 872 3745 sqq.

764 3776 858 3846 13)
885 3776 1147 3843 Ἑοτιασις,
1177 3774 1434 3851 ἑστιάτωρ.
1493 3776 1585 3831 Cf.
1624 3776 1882 3834 Boeckh.
1919 3799 1975 3852 p.
2012 3777 2120 3832 498
2158 3777 2228 3831 de
2268 3795 2300 3829 e
2340 3773 2452 3828 ulis
2476 3770 2794 3826 tribulium.

618 3851 711 3905 De
755 3869 1106 3922 paganorum
1173 3848 1356 3921 epulis
1409 3867 1600 3902 unum·
1637 3856 1792 3904 certe
1853 3849 2181 3924 exemplum
2228 3851 2290 3902 vi
2396 3864 2486 3920 ap.
2531 3845 2678 3900 lsae.
2726 3841 2800 3893 de

620 3921 827 3993 Pyrrh.
865 3921 984 3975 her.
1021 3918 1072 3992 §.
1110 3921 1182 3976 80
1218 3940 1268 3974 c·
1305 3938 1509 3975 comm.
1550 3940 1606 3992 Ρ.
1644 3922 1772 3975 265.

769 4025 864 4098 14)
902 4027 1042 4081 vid.
1080 4028 1154 4081 ad
1189 4029 1337 4084 Isse.
1373 4046 1428 4099 p·
1465 4029 1572 4083 221
1614 4035 1672 4118 et
1706 4028 1831 4085 387.

770 4133 835 4200 l)
872 4136 1025 4189 Nam
1065 4138 1217 4207 ipsas
1254 4152 1434 4188 naves
1472 4152 1507 4188 a
1541 4153 1607 4189 re
1642 4108 1882 4206 ‘publica
1920 4134 2087 4189 datas
2125 4154 2252 4189 esse
2289 4137 2515 4190 constat
2538 4151 2554 4184 ε
2607 4143 2806 4201 quam-

628 4225 794 4279 quam
841 4207 1017 4260 fiebat
1061 4225 1473 4278 nonuunquam
1519 4214 1586 4260 ut
1635 4206 1844 4278 aliquis
1894 4210 2065 4262 etiam
2114 4226 2275 4261 suam
2322 4223 2533 4262 navem
2582 4203 2669 4257 rei
2701 4216 2810 4273 pu-

629 4279 814 4332 blicae
851 4279 1181 4349 largiretur.
1252 4279 1388 4332 vid.
1426 4277 1684 4334 Boeckh.
1723 4280 1798 4335 11.
1834 4291 1889 4346 P·
1924 4280 2014 4335 9².
2050 4279 2301 4337 95-98.

769 4382 835 4454 2)
873 4386 1009 4439 vid.
1044 4406 1199 4458 supr.
1238 4385 1290 4456 §.
1328 4387 1380 4453 7,
1415 4386 1453 4442 6
1491 4393 1551 4440 et
1589 4387 1678 4454 10,
1714 4386 1765 4442 7.
