3067 4975
523 344 681 420 210
704 302 713 314 ’ἶ
932 344 1010 417 V.
1058 335 1180 416 De
1226 314 1315 416 re
1350 340 1669 443 pumat-a
1714 341 2360 421 mmmmm.-
2443 315 2448 318 ’

520 523 787 605 lebant
810 524 906 622 Β).
1008 519 1169 596 Sed
1255 548 1478 622 quum
1545 550 1704 600 non
1782 550 2046 600 omnes
2122 524 2484 627 gentibus
2556 529 2709 607 illis

520 619 908 698 ve‘teribus
956 623 1512 717 reciperentur,
1580 647 1802 694 sacra
1863 625 2114 697 tamen
2169 627 2466 725 privata
2524 628 2708 703 nulli

523 716 852 793 familiae
905 741 1056 788 non
1109 722 1398 805 essent,
1462 715 1557 790 ad
1619 722 1955 816 gentium
2014 723 2263 795 instar
2325 748 2509 798 mox
2558 725 2712 799 alia

576 815 897 890 uaedam
946 809 1299 886 sodalitia
1348 815 1535 886 inita
1586 841 1755 889 esse
1804 815 2153 891 videntur
2204 816 2302 891 ab
2352 823 2445 894 iis
2494 819 2712 895 fami-

526 911 683 1006 l·s‚
773 936 966 1013 quae
1004 981 1011 994 ,
1046 904 1141 981 ab
1223 907 1489 983 iisdem
1563 909 1979 986 maioribus
2057 913 2418 989 oriundae
2491 944 2714 992 sacra

530 1007 1187 1110 quoquexprivata
1250 1004 1511 1090 eadem
1578 1006 1995 1084 habebant:
2057 1014 2136 1084 in
2197 1008 2469 1110 quibus
2535 1019 2713 1115 quin

524 1108 936 1206 praecipue
1006 1105 1227 1176 etiam
1280 1104 1481 1176 lovis
1533 1104 1960 1179 Penetralis
2022 1109 2102 1180 et
2147 1106 2514 1206 Apollinis
2563 1113 2713 1184 Pa-

528 1205 685 1277 triti
734 1202 870 1283 reli
933 1205 1148 1275 iones
1200 1199 1516 1294 suerint,
1579 1199 1910 1275 dubitari
1959 1229 2112 1276 non
2174 1210 2449 1303 potest.
2550 1206 2713 1283 Sed

527 1298 717 1373 haec
768 1229 1144 1390 soffalitia,
1197 1300 1531 1397 quamvis
1580 1297 1938 1396 gentihus
2000 1304 2311 1396 similia,
2375 1329 2532 1378 non
2598 1308 2711 1389 ta-

531 1421 702 1471 men
755 1396 1021 1471 eodem
1068 1404 1279 1482 γενῶν
1328 1400 1670 1489 nomine,
1733 1421 1978 1497 neque
2042 1396 2346 1474 sodales
2392 1409 2716 1493 γεννῆται

533 1492 672 1570 sed
717 1494 1023 1589 ὄργεῶνες
1072 1489 1428 1590 appellati
1479 1518 1651 1568 esse
1701 1490 2049 1567 videntur
2073 1498 2172 1591 ⁹).

843 1866 914 1940 3.
987 1865 1125 1939 De
1177 1863 1542 1939 Senatu
1593 1863 2394 1965 quingentorum.

1418 2014 1490 2111 §.
1535 2013 1867 2089 XXVII.

729 2146 984 2236 Quum
1027 2138 1121 2219 ‘in
1169 2143 1523 2245 populari
1572 2148 1891 2245 imperio
1942 2170 2230 2219 summa
2277 2171 2528 2221 rerum
2575 2173 2708 2245 pe-

534 2269 677 2318 nes
723 2241 1091 2343 populum
1145 2249 1288 2337 sit,
1354 2248 1566 2316 cuius
1628 2248 1702 2316 in
1772 2240 2109 2316 conciliis
2175 2242 2252 2317 et
2299 2241 2512 2343 leges
2561 2246 2711 2317 sci-

387 2344 395 2353 ’
458 2363 463 2367 ·
533 2349 845 2416 scuntur
871 2337 1464 2440 abroganturve,
1507 2338 1706 2415 etde
1737 2335 1959 2434 bello,
2007 2366 2222 2438 pace,
2274 2337 2712 2416 foederibus

532 2436 1003 2530 decernitur,
1071 2445 1148 2513 et
1216 2438 1712 2538 magistratus
1755 2446 2130 2512 ‘creantur
2178 2438 2311 2511 aut
2359 2463 2710 2513 amoven-

531 2542 679 2628 tur,
730 2537 808 2608 et
857 2535 950 2609 de
1000 2540 1339 2634 pecuniis
1389 2534 1715 2634 publicis
1765 2538 2170 2628 statuitur,
2237 2532 2555 2639 denique
2616 2533 2712 2611 de

533 2630 968 2706 criminibus
1073 2658 1317 2732 noque
1365 2628 1853 2730 gravioribus
1902 2631 2179 2704 iudicia
2231 2632 2709 2727 exercentur,

532 2731 652 2805 est
714 2733 964 2802 tamen
1020 2660 1292 2801 ‘lim-um
1355 2754 1609 2803 rerum
1671 2726 1788 2805 vel
1851 2726 2247 2801 multitudo
2310 2732 2561 2824 tanta,
2627 2737 2714 2803 ut

1023 2863 1030 2871 φ

674 2931 741 3002 8)
781 2933 870 2988 Cf.
906 2952 1107 2988 comm.
1146 2938 1208 2989 in
1244 2937 1389 2989 Isae.
1423 2956 1479 3008 p.
1517 2934 1643 2990 363.
1669 2933 1821 2988 Add.
1850 2953 1933 2988 or.
1956 2939 2057 2988 etr.
2078 2935 2293 2989 Neaer.
2318 2934 2474 2990 1365.
2509 2936 2711 2990 Meier.

532 3026 589 3080 Ρ.
624 3006 714 3061 36.
785 3008 1046 3060 Fuerunt
1091 3018 1279 3061 autem
1327 3007 1483 3059 haud
1531 3006 1703 3059 dubie
1740 3006 1973 3059 tabulae
2009 3006 2312 3076 gentilium
2349 3008 2612 3078 propriae
2651 3015 2709 3060 et

534 3097 571 3130 a
603 3077 760 3149 κοινῷ
803 3077 1133 3151 phratorum
1182 3081 1528 3154 γραμματείῳ
1578 3079 1859 3147 diversae,
1896 3096 2006 3131 nec
2042 3081 2181 3132 satis
2220 3077 2485 3132 distincte
2520 3078 2705 3149 loqui·

534 3156 631 3203 tur
664 3151 941 3220 Harpocr.
975 3170 1023 3204 e,
1060 3170 1120 3204 v,
1156 3149 1327 3206 κοινὸν
1360 3170 1571 3226 γραμμ.

672 3253 738 3326 9)
776 3256 915 3311 vid.
971 3250 1189 3315 comm.
1237 3260 1298 3310 in
1344 3260 1491 3312 Isae.
1542 3276 1599 3328 p.
1644 3256 1753 3311 208
1788 3273 1915 3328 sqq.
1963 3281 2035 3295 -
2103 3255 2359 3308 Meierus
2393 3276 2449 3328 p·
2488 3256 2576 3310 24.
2614 3257 2702 3312 26.

531 3325 699 3381 aliter
735 3330 948 3380 statuit.
1022 3332 1159 3381 Nam
1197 3348 1373 3401 quum
1411 3334 1635 3381 omnem
1677 3328 1943 3381 CCCLX
1971 3328 2228 3396 gentium
2269 3326 2706 3402 descriptionem
2761 3384 2780 3397 ἱ

533 3416 569 3452 a
600 3399 826 3452 'Solone
864 3400 1088 3453 demum
1129 3406 1350 3471 repetat
1385 3421 1441 3472 p.
1480 3402 1566 3467 22,
1608 3400 1723 3452 duo
1763 3399 1833 3451 ab
1874 3397 1984 3450 hoc
2020 3401 2277 3467 gentium
2303 3418 2520 3469 genera
2553 3399 2706 3455 facta

529 3469 679 3539 vult,
718 3470 956 3523 alterum
998 3490 1196 3524 eorum
1235 3490 1474 3542 quorum
1513 3477 1747 3523 vetusta
1784 3477 1935 3537 esset
1965 3487 2255 3522 sacrorum
2280 3470 2704 3539 gentiliciorum

533 3546 874 3610 communio,
932 3543 1066 3596 licet
1112 3545 1349 3610 originis
1399 3545 1716 3594 communis
1760 3544 2038 3594 memoria
2082 3543 2142 3594 in
2206 3541 2494 3616 plerisque
2550 3541 2706 3597 haud

535 3614 707 3667 dubie
746 3616 994 3682 abolita,
1034 3614 1273 3667 alterum
1314 3631 1510 3667 eorum
1551 3632 1794 3686 quorum
1832 3611 2017 3666 adhuc
2051 3611 2215 3665 nulla
2252 3615 2529 3669 eiusmodi
2568 3632 2703 3668 con-

533 3686 755 3741 iunctio
801 3688 1036 3754 fuisset,
1095 3684 1198 3739 sed
1247 3703 1389 3757 quos
1438 3684 1625 3739 nollet
1671 3692 1862 3743 tamen
1898 3683 2200 3753 legislator
2233 3685 2542 3754 gentiliciie
2578 3689 2705 3759 qui-

533 3754 773 3812 busdam
821 3762 997 3812 sacris
1047 3776 1258 3810 carere.
1331 3758 1454 3809 Hos
1502 3765 1691 3809 utrum
1732 3775 1764 3810 e
1803 3757 2148 3825 cognatione
2186 3775 2260 3808 an
2288 3756 2401 3811 alia
2436 3763 2703 3830 quapiam

534 3832 762 3885 ratione
808 3833 868 3882 in
915 3829 1183 3883 sodalitia
1220 3829 1533 3899 descriptos
1569 3833 1734 3899 putet
1768 3846 1888 3880 non
1926 3828 2230 3896 significat.
2300 3829 2476 3883 Γενῶν
2510 3838 2700 3882 autem

535 3908 595 3955 et
626 3901 876 3973 γεννητῶν
915 3905 1152 3955 nomina
1195 3902 1452 3972 utrisque
1490 3901 1815 3953 communia
1849 3899 2028 3952 fuisse
2063 3898 2221 3967 vult,
2270 3898 2409 3954 licet
2445 3899 2544 3954 alii
2579 3919 2702 3954 non

532 3976 726 4044 stirpis
770 3974 870 4026 sed
915 3992 1209 4027 sacrorum
1256 3978 1476 4025 tantum
1517 3973 1921 4024 communione
1958 3973 2248 4023 coniuncti
2282 3970 2517 4039 fuerint,
2553 3990 2699 4044 quos

531 4061 942 4117 nonnunquam
977 4045 1247 4120 ὄργεώνων
1279 4043 1849 4114 nominedistinctos
1887 4048 2112 4110 censet,
2164 4042 2262 4095 alii
2299 4049 2487 4097 autem
2526 4048 2695 4097 etiam

533 4118 727 4188 stirpis
784 4117 1034 4169 eiusdem
1087 4116 1319 4182 fuerint,
1373 4133 1516 4186 quos
1565 4113 1793 4186 quidem
1857 4131 1891 4166 a
1937 4112 2288 4166 Philochoro
2337 4113 2704 4187 ὁμογάλακτας

534 4186 646 4240 dici
685 4188 1009 4241 arbitratur.
1083 4188 1305 4242 Nititur
1354 4193 1544 4238 autem
1589 4186 1795 4237 Meieri
1843 4187 2130 4237 sententia
2174 4187 2449 4258 imprimis
2498 4185 2697 4239 Philo·

534 4257 690 4314 chori
726 4259 927 4327 fragm.
961 4262 1075 4330 (ap.
1110 4257 1264 4311 Phot
1310 4265 1368 4311 et
1413 4256 1560 4310 Suid
1597 4275 1646 4309 e.
1675 4274 1740 4310 .v.
1837 4253 2049 4325 γεῶνες)
2084 4258 2559 4331 interpretatione
2598 4257 2697 4310 ad-

527 4330 759 4386 modum
798 4330 990 4395 dubia‚
1022 4347 1097 4384 ne
1134 4330 1314 4383 dicam
1350 4328 1520 4401 plane
1555 4322 1816 4399 improba
1857 4326 1939 4382 ili.
