3067 4975
1036 347 1043 354 ·
1154 358 1227 435 6.
1273 360 1395 434 De
1441 356 1770 435 mam.
2285 332 2298 341 '
2368 357 2517 435 297
2602 313 2608 320 ’

267 611 271 618 .
340 544 609 665 ΐῒιίεεθ.
646 565 801 615 non
868 523 1183 662 «intrium-
1241 541 1360 660 est
1385 545 1480 660 ⁶⁶).
1580 535 1878 613 Deinde
1940 533 2015 613 a'
2050 543 2520 643 propinquis,

342 637 1000 812 3¹2v2¹132¹2¹2⁰ff=331350
1029 637 1155 807 '1¹1¹ss
1184 635 1859 807 .ἓ“’ἒ.ιὲῗξὲἕῖἰῗῆῗ.ῖ
1889 645 2063 825 531⁸*
2080 664 2271 806 §33¹1
2312 664 2520 809 2ξῖἓῖ

299 832 545 919 ‚modi
600 830 1022 904 mandatnm
1072 829 1467 931 negligere
1515 855 1845 904 summae
1897 827 2098 902 haud
2129 827 2353 904 dubie
2383 835 2519 904 im·

398 925 1157 1019 ietatis·habebatur‚
1233 954 1372 1002 nec
1419 953 1558 1026 per
1606 926 1723 999 fas
1772 927 1914 998 aut
1949 924 2519 1025 legeslieitum.

343 960 509 1105 ¹§ed
583 1029 803 1101 etiam
867 1051 1016 1098 uon
1077 1025 1501 1098 mandatam
1549 1023 1904 1097 ultionem
1960 1027 2196 1097 omitti
2247 1051 2294 1097 a
2338 1049 2522 1123 pro-

315 1124 648 1226 pinquis
700 1126 854 1196 tum
908 1120 1197 1195 demum
1230 1107 1747 1220 sine‘piaculo
1777 1122 2115 1218 potuisse
2159 1120 2521 1213 arbitror,

350 1226 416 1298 si
470 1219 742 1294 caedes
792 1244 943 1291 non
992 1218 1412 1292 voluntaria
1463 1220 1689 1293 esset.
1804 1215 2011 1290 Alias
2074 1220 2200 1317 qui
2248 1217 2524 1292 inultas

351 1320 688 1395 sinerent
764 1317 1536 1413 conversarenturque
1621 1339 1785 1387 cum
1856 1312 2389 1408 interfectore,
2472 1341 2520 1398 a

356 1412 699 1517 quolibet
745 1416 1145 1511 impietatis
1196 1415 1556 1502 accusari,
1588 1414 1962 1508 poteraut,
2015 1414 2223 1484 cuius
2274 1415 2558 1484 crimi-·

354 1517 473 1588 nis
535 1511 599 1584 si
663 1514 985 1584 convicti
1048 1515 1332 1598 essent,
1412 1511 1436 1580 i
1496 1511 1558 1581 si
1605 1533 1854 1607 poena
1902 1505 2301 1582 arbitraria
2352 1507 2521 1582 affi-

357 1606 755 1687 ciebantur
781 1607 879 1707 9),
926 1604 1400 1682 interfectori
1501 1605 1651 1679 aud
1700 1603 1927 1680 dubie
1976 1631 2172 1709 aqua
2219 1606 2297 1683 et
2341 1609 2524 1707 igne

503 1891 570 1964 6)
611 1865 780 1949 conf.
818 1891 1055 1964 Antiph.
1098 1892 1168 1947 de
1207 1889 1334 1946 salt.
1372 1912 1424 1965 Ρ.
1467 1891 1592 1948 764.

509 1998 572 2071 7)
611 2003 741 2055 Hoc
777 2008 864 2054 est
897 2000 1210 2067 ἐπισκήπτειν
1241 2001 1500 2063 ἐπεξιέναι.
1576 1999 1710 2071 lays.
1757 2002 1819 2056 in
1859 2000 2033 2071 Agor.
2067 2019 2123 2074 Ρ.
2159 1998 2266 2056 469
2308 2003 2367 2054 et
2399 1998 2526 2057 510.

362 2074 602 2145 Anapi„
642 2092 729 2126 or.
765 2074 793 2126 1
833 2086 890 2138 p.
928 2074 1033 2127 6⁰5
1066 2076 1151 2126 in.
1190 2078 1248 2126 et
1282 2073 1405 2140 620,
1442 2074 1493 2128 4.
1534 2089 1616 2125 or.
1651 2075 1686 2126 5
1724 2092 1777 2145 p.
1812 2073 1935 2142 666,
1974 2075 2058 2128 13.

510 2180 570 2245 8)
606 2177 903 2233 Πειηοεώ.
948 2181 1010 2232 in
1046 2179 1289 2233 Δηὼ-οι.
1336 2197 1392 2250 Ρ.
1432 2173 1557 2233 593.
1630 2180 1725 2233 Ne
1776 2165 1903 2252 «iuis
1951 2188 2139 2234 autem
2195 2178 2529 2234 credat'im-

374 2253 603 2323 pietatis
641 2254 921 2303 actionem
957 2258 1093 2304 tum'
1118 2251 1340 2303 demum
1377 2250 1599 2303 intendi
1637 2256 1909 2322 potuisse,
1945 2256 1994 2306 si
2032 2254 2158 2323 quis
2192 2251 2531 2305 familiarius

379 2343 506 2377 cum
545 2322 910 2375 interfectore
944 2325 1249 2395 propinqui
1287 2329 1743 2389 conversaretur,
1781 2340 1897 2378 non
1934 2330 2119 2378 autem
2157 2327 2207 2377 si
2245 2326 2532 2376 omitteret

373 2394 766 2449 tantummodo
805 2397 1328 2465 persequutionem,
1377 2394 1607 2446 obstare
1643 2394 1871 2447 videtur
1905 2394 2534 2448 Platonis'auctoritasz
2627 2439 2630 2446 .

373 2485 709 2539 quamquam
747 2465 842 2519 hic
877 2483 951 2519 ne
989 2465 1410 2526 involuntariae
1448 2464 1676 2539 quidem
1715 2466 1904 2520 caedis
1953 2468 2214 2520 omissam
2253 2466 2531 2535 ultionem

369 2540 658 2611 impunem
711 2556 834 2591 esse
886 2536 1032 2590 vult.
1077 2538 1253 2607 Legg.
1292 2539 1380 2591 lx
1435 2556 1490 2608 p.
1544 2535 1649 2591 866
1696 2539 1764 2590 Β.
1816 2538 1921 2592 868
1966 2540 2035 2591 Β.
2085 2540 2188 2593 871
2237 2542 2309 2593 Α.
2361 2539 2423 2589 Β.
2461 2562 2533 2574 —
2576 2597 2581 2606 ι

375 2611 553 2676 Quod
593 2617 778 2663 autem
817 2610 1071 2663 Meierus
1109 2610 1180 2662 de
1216 2609 1351 2663 bon.
1392 2609 1581 2662 damn.
1619 2629 1673 2680 p.
1707 2611 1792 2664 22.
1863 2613 2029 2664 Proc.
2066 2613 2185 2663 An.
2226 2630 2278 2682 Ρ.
2313 2609 2436 2665 308.
2461 2607 2534 2661 de

374 2682 577 2752 gentil.
612 2685 734 2735 Att.
769 2701 823 2752 p.
868 2681 934 2734 19
970 2687 1089 2734 not.
1134 2682 1237 2736 153
1274 2684 1440 2735 etiam
1481 2680 1711 2734 caedem
1753 2682 2015 2751 consulto
2053 2684 2406 2736 commissam
2443 2699 2535 2733 re-

378 2756 528 2808 mitti
566 2754 971 2825 a·propinquis
1003 2772 1105 2824 per
1140 2752 1299 2809 letes
1334 2756 1590 2825 potuisse
1628 2754 1939 2819 contendit,
1977 2752 2197 2807 fallitur
2237 2753 2390 2806 haud
2430 2751 2536 2804 du-

377 2825 490 2880 bie.
566 2827 811 2877 Primum
864 2827 1012 2877 enim
1062 2844 1147 2896 ap.
1188 2823 1485 2879 Demosth.
1522 2827 1584 2878 in
1620 2826 1898 2878 Pantaen.
1936 2846 1989 2897 p.
2026 2826 2148 2892 983,
2191 2826 2256 2879 18
2292 2829 2424 2878 item
2466 2841 2540 2876 ue

378 2903 481 2950 etr.
538 2898 797 2949 Nausim.
848 2915 902 2966 p.
941 2896 1077 2962 991,
1135 2897 1171 2949 2
1210 2896 1433 2950 codices
1471 2904 1698 2969 praeter
1735 2916 1907 2950 unum
1948 2916 2142 2951 omnes
2176 2897 2407 2951 ἀκουσίου
2479 2913 2540 2946 a-
2613 2948 2626 2953 ,

318 2976 323 2987 “
377 2968 539 3033 kent,
588 2986 705 3020 non
753 2966 1002 3033 ἑκοισίους
1057 2967 1314 3039 iliudque
1363 2987 1562 3021 verum
1612 2986 1736 3022 esse
1783 2976 1938 3021 recte
1984 2969 2055 3021 ab
2092 2967 2541 3021 Hudtwalckero

384 3039 830 3093 demonstratum
872 3045 958 3092 est
996 3037 1065 3091 de
1104 3038 1275 3093 diaet.
1311 3060 1366 3113 p.
1408 3040 1512 3094 166
1549 3038 1794 3107 not-'lh
1834 3043 1994 3093 cuius
2031 3040 2466 3110 disputationem
2491 3038 2543 3089 si

386 3109 739 3165 Schaeferus
790 3109 1051 3178 legisset,
1110 3128 1256 3175 non,
1314 3115 1548 3183 opinor,
1599 3110 1833 3166 alterius
1870 3111 2132 3164 lectionis
2167 3112 2543 3182 patrocinium

383 3185 743 3253 suscepisset.
780 3181 985 3254 Neque
1021 3202 1161 3234 veru
1201 3183 1273 3235 ad
1310 3202 1379 3235 ea
1415 3200 1562 3256 quae
1601 3201 1684 3236 or.
1714 3188 1774 3237 in
1795 3185 2073 3236 Pantaeu.
2097 3202 2150 3254 p.
2169 3183 2293 3248 983,
2329 3181 2542 3236 23-27

384 3254 675 3321 leguntur,
727 3253 981 3306 Meierus
1020 3272 1333 3324 provocare
1373 3253 1649 3316 debebat,
1704 3258 1910 3327 quippe
1949 3273 2094 3327 quae
2130 3253 2433 3306 manifesto
2473 3253 2545 3304 de

389 3344 458 3379 eo
496 3333 713 3395 tantum
754 3334 943 3391 agant,
981 3328 1071 3377 cui
1112 3326 1315 3379 caedes
1352 3325 1423 3378 ab
1460 3328 1587 3397 ipso
1623 3326 1927 3379 interfecto
1951 3329 2185 3379 remissa
2209 3326 2302 3377 sit.
2353 3324 2544 3378 Multo

387 3399 574 3451 minus
614 3396 930 3466 exemplum
969 3396 1129 3459 illud,
1168 3397 1319 3468 quod
1360 3407 1766 3452 commemorat
1803 3417 1887 3451 or.
1921 3400 1981 3450 in
2022 3397 2265 3451 Theocr.
2299 3416 2354 3468 p.
2386 3398 2545 3462 1330,

391 3470 493 3532 28,
518 3468 842 3540 ‘quidquam
884 3468 1115 3539 proluat,
1176 3488 1348 3541 quum
1387 3488 1504 3521 non
1545 3479 1767 3523 constet
1800 3479 1986 3523 utrum
2025 3467 2414 3522 involuntaria
2447 3467 2552 3520 illa

392 3539 597 3593 caedes
635 3557 707 3591 an
743 3538 1069 3592 voluntaria
1110 3537 1313 3591 fuerit:
1376 3547 1430 3592 et
1466 3547 1532 3594 ut
1568 3541 1742 3594 fuerit
1778 3541 2130 3604 voluntaria,
2181 3560 2251 3593 ex
2290 3559 2357 3590 eo
2396 3539 2550 3611 quod

392 3611 463 3665 ab
501 3611 729 3663 homine
765 3614 986 3680 impuro
1022 3618 1255 3682 propter
1286 3610 1433 3664 lucri
1469 3614 1833 3684 cupiditatem
1862 3613 2068 3665 factum
2095 3620 2198 3676 est,
2237 3612 2307 3663 de
2326 3611 2549 3680 legibus

399 3689 457 3737 ct
504 3685 629 3735 iure
667 3684 993 3735 coniectura
1028 3684 1152 3735 fieri
1188 3701 1307 3736 non
1345 3683 1530 3737 debet.
1604 3687 1865 3757 Denique
1902 3687 1972 3736 de
2010 3687 2134 3736 iure
2169 3685 2553 3735 testimonium

395 3756 533 3807 satis
573 3753 840 3806 disertum
882 3760 1036 3806 extat
1075 3775 1161 3825 ap.
1200 3755 1495 3810 Demosth.
1536 3760 1595 3808 in
1631 3757 1773 3809 alid.
1811 3776 1868 3829 p.
1906 3757 2028 3823 528,
2064 3754 2221 3816 5-9‚
2260 3773 2372 3827 quo
2407 3755 2549 3809 ἑκου-

393 3829 501 3880 σίου
547 3826 706 3894 φόνου
750 3824 963 3877 nullam
1011 3826 1202 3879 αἲδεσιν
1246 3826 1470 3894 legibus
1508 3846 1834 3880 concessam
1874 3827 2048 3879 fuisso.
2087 3833 2369 3897 appareat.
2441 3826 2551 3877 Ge-

397 3906 579 3951 terum
635 3895 740 3949 hoc
784 3895 1029 3949 fortasse
1073 3916 1188 3950 non
1234 3916 1367 3951 raro
1422 3899 1623 3967 fiebat,
1684 3906 1749 3951 ut
1786 3902 1880 3969 ‘qui
1917 3897 2101 3950 nouet
2135 3897 2556 3951 interfectorem

397 3970 703 4040 propinqui
741 3969 844 4020 vit
864 3987 912 4029 a,
948 3968 1049 4021 sed
1087 3970 1476 4022 tantummodo
1514 3971 1726 4023 bonis
1764 3980 1833 4022 et
1868 3972 2109 4041 patria
2144 3973 2387 4039 privare,
2423 3986 2556 4039 pro-

399 4045 526 4110 pter
563 4038 707 4091 hanc
742 4042 920 4109 ipsam
961 4058 1206 4108 causam,
1243 4044 1464 4094 etiamsi
1501 4043 1729 4095 eaedem
1770 4042 2032 4095 consulto
2071 4048 2127 4094 et
2160 4040 2378 4094 nefarie
2403 4058 2556 4091 com-

401 4114 629 4162 missam
665 4110 938 4176 mederet,
974 4130 1091 4163 non
1125 4119 1313 4164 tamen
1352 4114 1500 4184 apud
1528 4119 1684 4168 Areo
1728 4131 1891 4182 agum
1930 4114 2029 4166 sed
2069 4112 2218 4184 apud
2237 4111 2559 4165 Palladi-um

402 4200 563 4235 reum
612 4181 736 4234 fieri
784 4191 1091 4253 pateretur,
1139 4183 1240 4237 ubi
1287 4187 1508 4239 etiamsi
1559 4134 1967 4241 confemnatus
2016 4195 2167 4237 esset
2211 4202 2333 4236 non
2368 4190 2558 4238 tamen

405 4260 589 4311 morte
625 4254 938 4325 puniretur.

549 4360 618 4426 9)
653 4360 805 4419 Nam
841 4359 1074 4429 ἀσεβείας
1103 4357 1282 4437 γραφὴ
1311 4363 1514 4434 τιμητὸς.
1588 4363 1726 4420 Vid.
1764 4365 1929 4417 Proc.
1964 4365 2083 4417 Att.
2119 4382 2173 4432 Ρ.
2211 4361 2335 4418 306.
