3067 4975
559 356 711 435 234
957 356 1038 433 V.
1083 357 1204 434 De
1249 382 1341 435 re
1373 358 1697 463 publica
1743 360 2336 462 Atbem'ensu'um.

559 541 705 621 cta.
802 541 963 615 Pro
1014 539 1379 616 decennio
1427 548 1720 640 postea*
1750 548 2331 646 quinquennium
2369 547 2739 622 constitu-

554 642 714 714 tum
763 642 880 712 est
905 636 997 730 7).
1093 636 1319 713 Haud
1365 664 1546 713 raro
1597 641 1847 715 autem
1897 650 2072 717 ante
2104 641 2515 742 legitimum
2544 646 2735 719 tem-

553 763 731 836 pus.
761 738 1105 810 revocari
1168 761 1216 809 a
1276 734 1563 834 populo
1627 736 1975 812 solebant
1999 741 2096 836 ⁸),
2149 741 2567 840 notumque
2617 742 2738 817 est

555 840 735 932 post
780 830 1299 933 Hyperbolum
1346 837 1713 907 neminem
1764 834 2084 934 amplius
2130 835 2443 910 Athenis
2473 836 2735 911 buius-

553 928 761 1005 modi
822 927 1050 1003 exilio
1120 928 1468 1004 affectum
1530 957 1699 1005 esse
1726 933 1822 1026 9).
1932 932 2185 1006 Etiam
2245 932 2375 1007 alii
2440 934 2737 1029 exules,

557 1030 690 1128 qui
738 1053 894 1100 non
946 1027 1397 1101 ostracismo
1449 1024 1586 1102 sed
1634 1026 1912 1102 iudicio
1965 1025 2320 1123 damnati,
2371 1030 2736 1132 simulque

553 1122 863 1215 infamia
937 1125 1225 1216 (ἀτιμίᾳ)
1308 1126 1388 1200 et
1455 1122 1832 1210 bonorum
1906 1124 2420 1225 publicatione
2496 1131 2737 1228 puniti

556 1223 796 1315 erant,
846 1224 1142 1295 restitui
1189 1247 1344 1295 non
1392 1223 1784 1319 poterant,
1845 1224 1991 1296 nisi
2050 1222 2316 1322 populi
2375 1227 2741 1320 inssu¹⁰);

554 1344 697 1393 nec
746 1316 897 1402 alia
944 1317 1100 1394 ulla
1144 1344 1397 1417 poena
1447 1316 1778 1417 legitime
1827 1322 1974 1393 nisi
2025 1345 2071 1392 a
2116 1319 2401 1418 populo
2464 1325 2545 1395 in
2610 1347 2740 1400 co-

553 1418 778 1492 mitiis
838 1417 1114 1490 remitti
1172 1418 1305 1489 ant
1364 1418 1740 1509 imminui,
1800 1442 1942 1489 nec
1989 1419 2257 1514 rogari
2310 1416 2450 1490 hac
2502 1415 2596 1493 de
2644 1443 2735 1493 re

554 1511 887 1613 populus
934 1514 1265 1612 poterat,
1313 1516 1458 1587 nisi
1506 1516 1728 1588 venia
1780 1516 1954 1587 ante
2001 1515 2539 1613 impetratafl).

1391 1720 1462 1813 ς.
1496 1663 1885 1792 xxxvi.

743 1846 1071 1950 Reliqua
1117 1850 1382 1948 paucis
1435 1874 2027 1924 commemorare
2076 1851 2256 1926 satis
2322 1847 2462 1923 cst.
2560 1845 2733 1921 Pri-

550 1971 749 2021 mum
797 1949 1032 2045 igitur
1078 1942 1284 2040 belli,
1336 1950 1574 2046 pacis,
1625 1944 2017 2020 foederum
2066 1949 2251 2019 varii
2275 1946 2583 2044 generis
2608 1947 2731 2019 ius

556 2046 635 2118 et
683 2040 1076 2117 arbitrium
1125 2068 1358 2142 penes
1464 2043 1769 2143 opulum
1834 2048 2020 2120 erat.
2116 2044 2314 2116 Hinc
2377 2042 2456 2115 et
2520 2067 2733 2115 crea-

549 2142 856 2217 bantur
893 2143 971 2213 in
1033 2143 1353 2214 comitiis
1437 2143 1673 2239 egati,
1742 2141 1819 2214 et
1866 2138 2224 2213 mandata
2297 2142 2391 2213 iis
2471 2137 2735 2237 populi

548 2243 764 2313 iussu
825 2234 1238 2330 dabantur,
1316 2242 1754 2338 reversique
1815 2240 1916 2310 in·
1959 2234 2225 2310 urbem
2302 2234 2732 2335 legationes

545 2339 761 2436 prius
808 2339 884 2408 in
935 2338 1227 2426 senatu,
1279 2331 1549 2408 deinde
1602 2334 1699 2408 ad
1746 2333 2108 2434 populum
2158 2329 2731 2423 renunciabant,

547 2440 873 2535 itemque
925 2436 1051 2534 qui
1101 2429 1198 2505 ab
1252 2436 1539 2506 exteris
1590 2430 1800 2506 missi
1849 2437 2067 2504 erant
2113 2434 2328 2529 prius
2379 2428 2474 2503 ad
2507 2454 2730 2504 sena-

545 2535 730 2626 tum,
783 2530 952 2603 hinc
1001 2528 1098 2603 ad
1145 2528 1506 2628 populum
1555 2527 2216 2628 producebantur,
2278 2523 2581 2601 solebat
2631 2551 2729 2600 ue

548 2628 667 2702 bis
747 2631 1013 2700 concio
1084 2630 1185 2723 in·
1227 2628 1456 2703 tertia
1520 2625 1842 2701 ecclesia
1900 2622 2241 2723 legitima
2307 2622 2496 2697 dari.
2582 2552 2726 2697 (bc

549 2723 987 2895 appaqudo
1027 2729 1275 2892 autaelem
1304 2720 1533 2892 Reno’
1565 2723 1682 2892 dei)
1702 2725 2043 2890 effrem
2070 2719 2589 2890 classibusque
2614 2723 2728 2889 itli-

543 2845 1180 3021 ᾖῖῧῖωὲῖέὲῖἓῗ,
1193 2842 2655 3013 ¹112stififfissvieiiffliffficissssssssffl'ssff
2648 2859 2724 2987 01

403 3096 406 3100 Α
473 3100 479 3105 ,
542 3013 681 3094 bat
709 3017 796 3109 ¹).
819 3017 1084 3116 Neque
1100 3017 1345 3087 miuus
1356 3016 1723 3111 pecuniae
1738 3009 2084 3111 publicae
2099 3010 2565 3111 dispensatio
2580 3035 2723 3108 po..-

543 3114 704 3215 puli
732 3115 942 3187 scitis
958 3108 1647 3211 praescribebatnr,
1662 3114 2018 3210 quantum
2046 3113 2120 3182 in
2144 3134 2377 3207 opera
2392 3105 2721 3205 publica,

544 3217 900 3313 quantum
930 3213 1007 3281 in
1029 3206 1221 3282 alias
1243 3210 1738 3298 necessitates
1765 3206 2233 3304 erogandum
2259 3213 2462 3295 esset
2488 3232 2506 3297 3
2537 3201 2721 3278 defi-

547 3313 939 3407 cienteque
986 3309 1286 3380 aerario
1339 3301 1864 3404 augendorum
1914 3308 2046 3376 aut
2094 3299 2396 3376 tributis
2423 3303 2557 3373 aut
2591 3326 2717 3374 ve-

688 3515 752 3586 7)
787 3513 989 3586 Pergit
1020 3510 1429 3566 Philochorusz
1463 3508 1670 3584 ὕστερον
1701 3507 1760 3564 δὲ
1792 3509 2018 3582 ἔγὲνονιυ
2048 3512 2208 3563 πένης.
2245 3505 2549 3579 additque:
2585 3475 2720 3580 20⁶9:

542 3588 803 3657 ποῦμενον
838 3583 904 3642 τὰ
949 3580 1151 3649 tamuz,
1198 3580 1274 3655 μὴ
1316 3586 1645 3655 ἐπιβαίνοντα
1687 3576 1823 3641 We
1861 3584 2015 3654 Πὲρα
2059 3578 2144 3636 w&
2190 3577 2379 3651 [scrib.
2426 3576 2719 3656 Γεραιστοῦ]

547 3661 778 3732 Εὖβοίας
806 3658 1136 3734 ἀκρωτηρίου.
2137 3662 2158 3678 ³

685 3765 751 3839 8)
791 3765 881 3821 Cf.
921 3765 1071 3820 Plut.
1107 3759 1317 3816 Pericl.
1354 3779 1406 3814 c.
1445 3759 1534 3819 10.

685 3873 746 3943 9)
782 3876 874 3930 De
911 3874 1126 3961 comitt3
1155 3882 1214 3936 p.
1251 3867 1378 3926 247.
1982 3903 1989 3908 .

687 3980 780 4050 1⁰)
815 3978 907 4039 Cf.
941 3981 1145 4035 Μοίρι.
1186 3977 1258 4032 de
1291 3976 1431 4036 bon.
1469 3973 1658 4028 damn.
1694 3983 1751 4037 P.
1786 3962 1896 4025 228
1930 3987 2053 4042 sqq.

686 4083 790 4158 ll)
825 4083 1126 4142 Demostb.
1162 4086 1227 4137 iu
1264 4082 1514 4137 Timocr.
1552 4093 1607 4148 P.
1628 4079 1736 4134 714
1767 4095 1856 4150 sq.
1909 4079 2016 4132 De·
2040 4074 2254 4131 comitt-
2289 4034 2349 4146 p.
2372 4073 2497 4130 288.
2552 4050 2715 4127 P'lat-

544 4179 668 4217 ner·
704 4163 874 4215 Proc.
906 4160 936 4213 1
971 4178 1027 4231 p.
1048 4155 1374 4211 443-446.

688 4264 756 4338 1)
793 4264 936 4322 vid.
975 4263 1048 4319 ‹le
1085 4263 1304 4317 comitt.
1341 4258 1442 4316 lib.
1476 4259 1536 4318 11
1570 4277 1622 4314 ο.
1658 4256 1695 4314 8
1727 4275 1785 4331 p.
1819 4210 1926 4311 ⁸281
1963 4270 2086 4327 sqq.
