<?xml version="1.0" encoding="UTF-8"?>
<!DOCTYPE html PUBLIC "-//W3C//DTD XHTML 1.0 Transitional//EN"
    "http://www.w3.org/TR/xhtml1/DTD/xhtml1-transitional.dtd">
<html xmlns="http://www.w3.org/1999/xhtml" xml:lang="en" lang="en">
 <head>
  <title>
</title>
<meta http-equiv="Content-Type" content="text/html;charset=utf-8" />
  <meta name='ocr-system' content='tesseract 3.04.00' />
  <meta name='ocr-capabilities' content='ocr_page ocr_carea ocr_par ocr_line ocrx_word'/>
</head>
<body>
  <div class='ocr_page' id='page_1' title='image "antiquitatesiur00schgoog_0067.png"; bbox 0 0 3067 4975; ppageno 0'>
   <div class='ocr_carea' id='block_1_1' title="bbox 602 323 2503 456">
    <p class='ocr_par' dir='ltr' id='par_1_1' title="bbox 602 323 2503 456">
     <span class='ocr_line' id='line_1_1' title="bbox 602 323 2503 456; baseline 0.004 -27"><span class='ocrx_word' id='word_1_1' title='bbox 602 352 761 429; x_wconf 89' lang='lat' dir='ltr'><strong>III</strong></span> <span class='ocrx_word' id='word_1_2' title='bbox 754 397 776 419; x_wconf 84' lang='grc'><strong>.</strong></span> <span class='ocrx_word' id='word_1_3' title='bbox 836 351 959 423; x_wconf 79' lang='lat' dir='ltr'><strong>De</strong></span> <span class='ocrx_word' id='word_1_4' title='bbox 1007 349 1232 424; x_wconf 72' lang='lat' dir='ltr'><strong>rebus</strong></span> <span class='ocrx_word' id='word_1_5' title='bbox 1262 352 1599 456; x_wconf 52' lang='lat' dir='ltr'><strong>publicis</strong></span> <span class='ocrx_word' id='word_1_6' title='bbox 1646 381 1730 430; x_wconf 83' lang='lat' dir='ltr'><strong>m</strong></span> <span class='ocrx_word' id='word_1_7' title='bbox 1780 323 2238 435; x_wconf 61' lang='lat' dir='ltr'><strong>umbeaesssum.</strong></span> <span class='ocrx_word' id='word_1_8' title='bbox 2408 365 2503 436; x_wconf 82' lang='lat'><strong>55</strong></span> 
     </span>
    </p>
   </div>
   <div class='ocr_carea' id='block_1_2' title="bbox 326 517 2496 826">
    <p class='ocr_par' dir='ltr' id='par_1_2' title="bbox 326 517 2496 826">
     <span class='ocr_line' id='line_1_2' title="bbox 326 517 2494 639; baseline 0.005 -32"><span class='ocrx_word' id='word_1_9' title='bbox 326 559 648 633; x_wconf 86' lang='lat' dir='ltr'><strong>quorum</strong></span> <span class='ocrx_word' id='word_1_10' title='bbox 691 517 1214 605; x_wconf 74' lang='lat' dir='ltr'><strong>conditoribus</strong></span> <span class='ocrx_word' id='word_1_11' title='bbox 1254 535 1452 608; x_wconf 86' lang='lat' dir='ltr'><strong>inter</strong></span> <span class='ocrx_word' id='word_1_12' title='bbox 1492 538 1707 633; x_wconf 86' lang='lat' dir='ltr'><strong>ipsos</strong></span> <span class='ocrx_word' id='word_1_13' title='bbox 1749 540 2087 612; x_wconf 70' lang='lat' dir='ltr'><strong>Graec-os</strong></span> <span class='ocrx_word' id='word_1_14' title='bbox 2116 549 2494 639; x_wconf 86' lang='lat' dir='ltr'><strong>posterio-</strong></span> 
     </span>
     <span class='ocr_line' id='line_1_3' title="bbox 330 627 2496 737; baseline 0.006 -35"><span class='ocrx_word' id='word_1_15' title='bbox 330 656 458 703; x_wconf 89' lang='lat' dir='ltr'><strong>res</strong></span> <span class='ocrx_word' id='word_1_16' title='bbox 497 635 646 702; x_wconf 87' lang='lat' dir='ltr'><strong>tam</strong></span> <span class='ocrx_word' id='word_1_17' title='bbox 696 627 1439 732; x_wconf 15' lang='lat' dir='ltr'><strong>parumtcffonstaliat,</strong></span> <span class='ocrx_word' id='word_1_18' title='bbox 1507 635 1590 704; x_wconf 88' lang='lat' dir='ltr'><strong>ut</strong></span> <span class='ocrx_word' id='word_1_19' title='bbox 1641 632 1866 732; x_wconf 75' lang='lat' dir='ltr'><strong>vulgo</strong></span> <span class='ocrx_word' id='word_1_20' title='bbox 1921 636 2337 737; x_wconf 73' lang='lat' dir='ltr'><strong>Cyclopum</strong></span> <span class='ocrx_word' id='word_1_21' title='bbox 2405 668 2496 714; x_wconf 88' lang='lat' dir='ltr'><strong>ea</strong></span> 
     </span>
     <span class='ocr_line' id='line_1_4' title="bbox 331 722 1477 826; baseline 0.001 -28"><span class='ocrx_word' id='word_1_22' title='bbox 331 751 567 823; x_wconf 90' lang='lat' dir='ltr'><strong>opera</strong></span> <span class='ocrx_word' id='word_1_23' title='bbox 616 751 786 799; x_wconf 88' lang='lat' dir='ltr'><strong>esse</strong></span> <span class='ocrx_word' id='word_1_24' title='bbox 835 722 1357 824; x_wconf 75' lang='lat' dir='ltr'><strong>fabularentur</strong></span> <span class='ocrx_word' id='word_1_25' title='bbox 1382 728 1477 826; x_wconf 82' lang='lat'><strong>⁸).</strong></span> 
     </span>
    </p>
   </div>
   <div class='ocr_carea' id='block_1_3' title="bbox 1269 923 1516 1010">
    <p class='ocr_par' dir='ltr' id='par_1_3' title="bbox 1269 923 1516 1010">
     <span class='ocr_line' id='line_1_5' title="bbox 1269 923 1516 1010; baseline -0.028 0"><span class='ocrx_word' id='word_1_26' title='bbox 1269 923 1275 931; x_wconf 66' lang='grc'><strong>’</strong></span> <span class='ocrx_word' id='word_1_27' title='bbox 1300 932 1366 1010; x_wconf 74' lang='lat'><strong>§-</strong></span> <span class='ocrx_word' id='word_1_28' title='bbox 1417 930 1516 1003; x_wconf 86' lang='grc' dir='ltr'><strong>Π.</strong></span> 
     </span>
    </p>
   </div>
   <div class='ocr_carea' id='block_1_4' title="bbox 247 1058 2574 3684">
    <p class='ocr_par' dir='ltr' id='par_1_4' title="bbox 247 1058 2574 3684">
     <span class='ocr_line' id='line_1_6' title="bbox 524 1058 2487 1163; baseline 0.005 -34"><span class='ocrx_word' id='word_1_29' title='bbox 524 1058 893 1130; x_wconf 77' lang='lat' dir='ltr'>Homerus</span> <span class='ocrx_word' id='word_1_30' title='bbox 945 1060 1236 1151; x_wconf 85' lang='lat' dir='ltr'><strong>autem,</strong></span> <span class='ocrx_word' id='word_1_31' title='bbox 1303 1088 1350 1132; x_wconf 91' lang='lat' dir='ltr'><strong>a</strong></span> <span class='ocrx_word' id='word_1_32' title='bbox 1415 1089 1563 1163; x_wconf 94' lang='lat' dir='ltr'><strong>quo</strong></span> <span class='ocrx_word' id='word_1_33' title='bbox 1629 1069 1873 1137; x_wconf 88' lang='lat' dir='ltr'><strong>omnis</strong></span> <span class='ocrx_word' id='word_1_34' title='bbox 1921 1070 2202 1152; x_wconf 75' lang='lat' dir='ltr'><strong>certior</strong></span> <span class='ocrx_word' id='word_1_35' title='bbox 2250 1062 2487 1150; x_wconf 81' lang='lat' dir='ltr'><strong>Grae-</strong></span> 
     </span>
     <span class='ocr_line' id='line_1_7' title="bbox 284 1157 2491 1257; baseline 0.004 -30"><span class='ocrx_word' id='word_1_36' title='bbox 284 1181 459 1229; x_wconf 82' lang='lat' dir='ltr'><strong>·cae</strong></span> <span class='ocrx_word' id='word_1_37' title='bbox 513 1157 967 1255; x_wconf 72' lang='lat' dir='ltr'><strong>antiquitatis</strong></span> <span class='ocrx_word' id='word_1_38' title='bbox 1019 1159 1355 1253; x_wconf 80' lang='lat' dir='ltr'><strong>cognitio</strong></span> <span class='ocrx_word' id='word_1_39' title='bbox 1401 1157 1933 1257; x_wconf 81' lang='lat' dir='ltr'><strong>proficiscitur.</strong></span> <span class='ocrx_word' id='word_1_40' title='bbox 1981 1165 2220 1237; x_wconf 85' lang='lat' dir='ltr'><strong>totam</strong></span> <span class='ocrx_word' id='word_1_41' title='bbox 2269 1160 2491 1238; x_wconf 85' lang='lat' dir='ltr'><strong>nobis</strong></span> 
     </span>
     <span class='ocr_line' id='line_1_8' title="bbox 322 1249 2492 1354; baseline 0.002 -28"><span class='ocrx_word' id='word_1_42' title='bbox 322 1253 719 1354; x_wconf 15' lang='lat' dir='ltr'><strong>*Graeclam</strong></span> <span class='ocrx_word' id='word_1_43' title='bbox 779 1256 855 1324; x_wconf 86' lang='lat' dir='ltr'><strong>in</strong></span> <span class='ocrx_word' id='word_1_44' title='bbox 928 1249 1285 1354; x_wconf 85' lang='lat' dir='ltr'><strong>plurimas</strong></span> <span class='ocrx_word' id='word_1_45' title='bbox 1362 1260 1699 1331; x_wconf 77' lang='lat' dir='ltr'><strong>civitates</strong></span> <span class='ocrx_word' id='word_1_46' title='bbox 1777 1261 2086 1332; x_wconf 69' lang='lat' dir='ltr'><strong>divisam</strong></span> <span class='ocrx_word' id='word_1_47' title='bbox 2162 1258 2492 1335; x_wconf 76' lang='lat' dir='ltr'><strong>ostendit</strong></span> 
     </span>
     <span class='ocr_line' id='line_1_9' title="bbox 324 1351 2488 1455; baseline 0.006 -34"><span class='ocrx_word' id='word_1_48' title='bbox 324 1354 546 1448; x_wconf 83' lang='lat' dir='ltr'><strong>regio</strong></span> <span class='ocrx_word' id='word_1_49' title='bbox 622 1376 881 1434; x_wconf 80' lang='lat' dir='ltr'><strong>omnes</strong></span> <span class='ocrx_word' id='word_1_50' title='bbox 958 1354 1270 1450; x_wconf 82' lang='lat' dir='ltr'><strong>imperio</strong></span> <span class='ocrx_word' id='word_1_51' title='bbox 1349 1351 1767 1429; x_wconf 83' lang='lat' dir='ltr'><strong>subiectas:</strong></span> <span class='ocrx_word' id='word_1_52' title='bbox 1847 1361 2156 1455; x_wconf 85' lang='lat' dir='ltr'><strong>eamque</strong></span> <span class='ocrx_word' id='word_1_53' title='bbox 2195 1381 2488 1434; x_wconf 83' lang='lat' dir='ltr'><strong>.re1·um</strong></span> 
     </span>
     <span class='ocr_line' id='line_1_10' title="bbox 321 1443 2490 1549; baseline 0.002 -30"><span class='ocrx_word' id='word_1_54' title='bbox 321 1443 784 1544; x_wconf 68' lang='lat' dir='ltr'><strong>public‘a&#39;rum</strong></span> <span class='ocrx_word' id='word_1_55' title='bbox 842 1446 1150 1518; x_wconf 74' lang='lat' dir='ltr'><strong>sormam</strong></span> <span class='ocrx_word' id='word_1_56' title='bbox 1204 1453 1527 1523; x_wconf 89' lang='lat' dir='ltr'><strong>omnium</strong></span> <span class='ocrx_word' id='word_1_57' title='bbox 1589 1455 1903 1549; x_wconf 85' lang='lat' dir='ltr'><strong>primam</strong></span> <span class='ocrx_word' id='word_1_58' title='bbox 1964 1451 2197 1526; x_wconf 84' lang='lat' dir='ltr'><strong>fuisse</strong></span> <span class='ocrx_word' id='word_1_59' title='bbox 2258 1457 2490 1526; x_wconf 86' lang='lat' dir='ltr'><strong>ceteri</strong></span> 
     </span>
     <span class='ocr_line' id='line_1_11' title="bbox 325 1543 2490 1662; baseline 0.002 -45"><span class='ocrx_word' id='word_1_60' title='bbox 325 1570 625 1662; x_wconf 89' lang='lat' dir='ltr'><strong>quoque</strong></span> <span class='ocrx_word' id='word_1_61' title='bbox 676 1543 1087 1642; x_wconf 88' lang='lat' dir='ltr'><strong>scriptores</strong></span> <span class='ocrx_word' id='word_1_62' title='bbox 1136 1570 1289 1619; x_wconf 91' lang='lat' dir='ltr'><strong>uno</strong></span> <span class='ocrx_word' id='word_1_63' title='bbox 1343 1572 1478 1620; x_wconf 88' lang='lat' dir='ltr'><strong>ore</strong></span> <span class='ocrx_word' id='word_1_64' title='bbox 1526 1551 1904 1622; x_wconf 70' lang='lat' dir='ltr'>testantur</span> <span class='ocrx_word' id='word_1_65' title='bbox 1935 1550 2021 1646; x_wconf 86' lang='lat'><strong>¹).</strong></span> <span class='ocrx_word' id='word_1_66' title='bbox 2101 1547 2260 1623; x_wconf 85' lang='lat' dir='ltr'><strong>Sed</strong></span> <span class='ocrx_word' id='word_1_67' title='bbox 2308 1554 2490 1648; x_wconf 87' lang='lat' dir='ltr'><strong>post</strong></span> 
     </span>
     <span class='ocr_line' id='line_1_12' title="bbox 318 1638 2488 1743; baseline 0.002 -29"><span class='ocrx_word' id='word_1_68' title='bbox 318 1638 702 1714; x_wconf 76' lang='lat' dir='ltr'><strong>heroicam</strong></span> <span class='ocrx_word' id='word_1_69' title='bbox 750 1648 1089 1729; x_wconf 76' lang='lat' dir='ltr'><strong>aetatem,</strong></span> <span class='ocrx_word' id='word_1_70' title='bbox 1154 1663 1375 1743; x_wconf 89' lang='lat' dir='ltr'><strong>quum</strong></span> <span class='ocrx_word' id='word_1_71' title='bbox 1423 1644 1967 1719; x_wconf 77' lang='lat' dir='ltr'><strong>Thessalorum</strong></span> <span class='ocrx_word' id='word_1_72' title='bbox 2035 1648 2112 1719; x_wconf 84' lang='lat' dir='ltr'><strong>et</strong></span> <span class='ocrx_word' id='word_1_73' title='bbox 2162 1648 2488 1719; x_wconf 81' lang='lat' dir='ltr'><strong>Dorien-</strong></span> 
     </span>
     <span class='ocr_line' id='line_1_13' title="bbox 322 1731 2486 1843; baseline 0.001 -31"><span class='ocrx_word' id='word_1_74' title='bbox 322 1733 514 1812; x_wconf 79' lang='lat' dir='ltr'><strong>sium</strong></span> <span class='ocrx_word' id='word_1_75' title='bbox 586 1731 1168 1835; x_wconf 65' lang='lat' dir='ltr'><strong>²mig-rationibus</strong></span> <span class='ocrx_word' id='word_1_76' title='bbox 1241 1740 1646 1843; x_wconf 84' lang='lat' dir='ltr'><strong>pleraeque</strong></span> <span class='ocrx_word' id='word_1_77' title='bbox 1709 1743 2076 1816; x_wconf 80' lang='lat' dir='ltr'><strong>Graeciae</strong></span> <span class='ocrx_word' id='word_1_78' title='bbox 2142 1742 2486 1817; x_wconf 88' lang='lat' dir='ltr'><strong>condicio</strong></span> 
     </span>
     <span class='ocr_line' id='line_1_14' title="bbox 320 1837 2486 1938; baseline 0 -28"><span class='ocrx_word' id='word_1_79' title='bbox 320 1860 600 1933; x_wconf 84' lang='lat' dir='ltr'><strong>magno</strong></span> <span class='ocrx_word' id='word_1_80' title='bbox 653 1861 882 1938; x_wconf 81' lang='lat' dir='ltr'><strong>opere</strong></span> <span class='ocrx_word' id='word_1_81' title='bbox 931 1837 1316 1909; x_wconf 78' lang='lat' dir='ltr'><strong>immutata</strong></span> <span class='ocrx_word' id='word_1_82' title='bbox 1361 1840 1675 1935; x_wconf 89' lang='lat' dir='ltr'><strong>imperia</strong></span> <span class='ocrx_word' id='word_1_83' title='bbox 1724 1865 1820 1913; x_wconf 93' lang='lat' dir='ltr'><strong>ue</strong></span> <span class='ocrx_word' id='word_1_84' title='bbox 1871 1838 1969 1913; x_wconf 87' lang='lat' dir='ltr'><strong>ad</strong></span> <span class='ocrx_word' id='word_1_85' title='bbox 2010 1837 2207 1913; x_wconf 87' lang='lat' dir='ltr'><strong>alios</strong></span> <span class='ocrx_word' id='word_1_86' title='bbox 2242 1841 2486 1913; x_wconf 84' lang='lat' dir='ltr'><strong>trans-</strong></span> 
     </span>
     <span class='ocr_line' id='line_1_15' title="bbox 320 1931 2563 2031; baseline -0 -24"><span class='ocrx_word' id='word_1_87' title='bbox 320 1931 510 2021; x_wconf 88' lang='lat' dir='ltr'><strong>lata,</strong></span> <span class='ocrx_word' id='word_1_88' title='bbox 571 1958 754 2014; x_wconf 86' lang='lat' dir='ltr'><strong>mox</strong></span> <span class='ocrx_word' id='word_1_89' title='bbox 817 1935 1037 2004; x_wconf 88' lang='lat' dir='ltr'><strong>etiam</strong></span> <span class='ocrx_word' id='word_1_90' title='bbox 1104 1958 1346 2007; x_wconf 87' lang='lat' dir='ltr'><strong>novae</strong></span> <span class='ocrx_word' id='word_1_91' title='bbox 1411 1939 1634 2031; x_wconf 76' lang='lat' dir='ltr'><strong>extra</strong></span> <span class='ocrx_word' id='word_1_92' title='bbox 1724 1938 2076 2011; x_wconf 67' lang='lat' dir='ltr'><strong>‘raeciam</strong></span> <span class='ocrx_word' id='word_1_93' title='bbox 2139 1940 2214 2009; x_wconf 85' lang='lat' dir='ltr'><strong>iu</strong></span> <span class='ocrx_word' id='word_1_94' title='bbox 2276 1941 2486 2028; x_wconf 84' lang='lat' dir='ltr'><strong>Asia,</strong></span> <span class='ocrx_word' id='word_1_95' title='bbox 2556 1995 2563 2006; x_wconf 92' lang='lat'><strong>.</strong></span> 
     </span>
     <span class='ocr_line' id='line_1_16' title="bbox 317 2024 2487 2127; baseline 0.001 -24"><span class='ocrx_word' id='word_1_96' title='bbox 317 2027 564 2120; x_wconf 86' lang='lat' dir='ltr'><strong>ltalia,</strong></span> <span class='ocrx_word' id='word_1_97' title='bbox 618 2024 878 2106; x_wconf 84' lang='lat' dir='ltr'><strong>Sicilia</strong></span> <span class='ocrx_word' id='word_1_98' title='bbox 928 2030 1268 2101; x_wconf 85' lang='lat' dir='ltr'><strong>civitates</strong></span> <span class='ocrx_word' id='word_1_99' title='bbox 1302 2029 1650 2107; x_wconf 84' lang='lat' dir='ltr'><strong>&#39;conditae</strong></span> <span class='ocrx_word' id='word_1_100' title='bbox 1681 2036 1955 2122; x_wconf 72' lang='lat' dir='ltr'><strong>essent,</strong></span> <span class='ocrx_word' id='word_1_101' title='bbox 2004 2059 2279 2127; x_wconf 72' lang='lat' dir='ltr'><strong>mag-na</strong></span> <span class='ocrx_word' id='word_1_102' title='bbox 2310 2059 2487 2105; x_wconf 84' lang='lat' dir='ltr'><strong>coe-</strong></span> 
     </span>
     <span class='ocr_line' id='line_1_17' title="bbox 320 2123 2486 2227; baseline 0.002 -29"><span class='ocrx_word' id='word_1_103' title='bbox 320 2130 439 2227; x_wconf 88' lang='lat' dir='ltr'><strong>pit</strong></span> <span class='ocrx_word' id='word_1_104' title='bbox 484 2124 763 2227; x_wconf 85' lang='lat' dir='ltr'><strong>ubique</strong></span> <span class='ocrx_word' id='word_1_105' title='bbox 812 2150 1062 2199; x_wconf 88' lang='lat' dir='ltr'><strong>rerum</strong></span> <span class='ocrx_word' id='word_1_106' title='bbox 1107 2123 1574 2225; x_wconf 85' lang='lat' dir='ltr'><strong>publicarum</strong></span> <span class='ocrx_word' id='word_1_107' title='bbox 1635 2135 2034 2203; x_wconf 79' lang='lat' dir='ltr'><strong>conversio</strong></span> <span class='ocrx_word' id='word_1_108' title='bbox 2098 2138 2174 2203; x_wconf 88' lang='lat' dir='ltr'><strong>et</strong></span> <span class='ocrx_word' id='word_1_109' title='bbox 2236 2132 2486 2202; x_wconf 83' lang='lat' dir='ltr'><strong>variae</strong></span> 
     </span>
     <span class='ocr_line' id='line_1_18' title="bbox 322 2222 2486 2300; baseline 0 -3"><span class='ocrx_word' id='word_1_110' title='bbox 322 2225 737 2297; x_wconf 78' lang='lat' dir='ltr'><strong>extiterunt</strong></span> <span class='ocrx_word' id='word_1_111' title='bbox 784 2225 1159 2296; x_wconf 85' lang='lat' dir='ltr'><strong>civitatum</strong></span> <span class='ocrx_word' id='word_1_112' title='bbox 1210 2222 1519 2299; x_wconf 82' lang='lat' dir='ltr'><strong>formae.</strong></span> <span class='ocrx_word' id='word_1_113' title='bbox 1596 2225 1756 2300; x_wconf 90' lang='lat' dir='ltr'><strong>Sed</strong></span> <span class='ocrx_word' id='word_1_114' title='bbox 1810 2231 2049 2299; x_wconf 88' lang='lat' dir='ltr'><strong>omnis</strong></span> <span class='ocrx_word' id='word_1_115' title='bbox 2103 2224 2285 2300; x_wconf 87' lang='lat' dir='ltr'><strong>haec</strong></span> <span class='ocrx_word' id='word_1_116' title='bbox 2336 2226 2486 2300; x_wconf 85' lang='lat' dir='ltr'><strong>sor·</strong></span> 
     </span>
     <span class='ocr_line' id='line_1_19' title="bbox 319 2320 2485 2423; baseline -0.001 -26"><span class='ocrx_word' id='word_1_117' title='bbox 319 2347 605 2397; x_wconf 84' lang='lat' dir='ltr'><strong>marum</strong></span> <span class='ocrx_word' id='word_1_118' title='bbox 651 2322 977 2401; x_wconf 82' lang='lat' dir='ltr'><strong>varietas</strong></span> <span class='ocrx_word' id='word_1_119' title='bbox 1007 2346 1159 2392; x_wconf 89' lang='lat' dir='ltr'><strong>non</strong></span> <span class='ocrx_word' id='word_1_120' title='bbox 1190 2321 1658 2397; x_wconf 85' lang='lat' dir='ltr'><strong>incommode</strong></span> <span class='ocrx_word' id='word_1_121' title='bbox 1708 2349 1754 2395; x_wconf 89' lang='lat' dir='ltr'><strong>a</strong></span> <span class='ocrx_word' id='word_1_122' title='bbox 1802 2322 2184 2397; x_wconf 83' lang='lat' dir='ltr'><strong>veteribus</strong></span> <span class='ocrx_word' id='word_1_123' title='bbox 2231 2320 2485 2423; x_wconf 85' lang='lat' dir='ltr'><strong>politi·</strong></span> 
     </span>
     <span class='ocr_line' id='line_1_20' title="bbox 304 2416 2487 2519; baseline -0.001 -25"><span class='ocrx_word' id='word_1_124' title='bbox 304 2424 433 2494; x_wconf 82' lang='lat' dir='ltr'><strong>&#39;cis</strong></span> <span class='ocrx_word' id='word_1_125' title='bbox 499 2417 593 2492; x_wconf 88' lang='lat' dir='ltr'><strong>ad</strong></span> <span class='ocrx_word' id='word_1_126' title='bbox 657 2421 802 2491; x_wconf 86' lang='lat' dir='ltr'><strong>tria</strong></span> <span class='ocrx_word' id='word_1_127' title='bbox 855 2419 1178 2490; x_wconf 84' lang='lat' dir='ltr'><strong>maxime</strong></span> <span class='ocrx_word' id='word_1_128' title='bbox 1225 2443 1517 2518; x_wconf 77' lang='lat' dir='ltr'><strong>genera</strong></span> <span class='ocrx_word' id='word_1_129' title='bbox 1568 2416 1910 2496; x_wconf 85' lang='lat' dir='ltr'><strong>revocari</strong></span> <span class='ocrx_word' id='word_1_130' title='bbox 1961 2420 2190 2510; x_wconf 89' lang='lat' dir='ltr'><strong>solet,</strong></span> <span class='ocrx_word' id='word_1_131' title='bbox 2255 2426 2487 2519; x_wconf 85' lang='lat' dir='ltr'><strong>prout</strong></span> 
     </span>
     <span class='ocr_line' id='line_1_21' title="bbox 316 2512 2532 2618; baseline -0 -28"><span class='ocrx_word' id='word_1_132' title='bbox 316 2514 451 2615; x_wconf 82' lang='lat' dir='ltr'><strong>vel¹</strong></span> <span class='ocrx_word' id='word_1_133' title='bbox 481 2542 717 2615; x_wconf 89' lang='lat' dir='ltr'><strong>penes</strong></span> <span class='ocrx_word' id='word_1_134' title='bbox 753 2541 1004 2607; x_wconf 84' lang='lat' dir='ltr'><strong>unum,</strong></span> <span class='ocrx_word' id='word_1_135' title='bbox 1053 2514 1171 2589; x_wconf 85' lang='lat' dir='ltr'><strong>vel</strong></span> <span class='ocrx_word' id='word_1_136' title='bbox 1197 2542 1771 2615; x_wconf 25' lang='lat' dir='ltr'><strong>penes&#39;pauroS,</strong></span> <span class='ocrx_word' id='word_1_137' title='bbox 1816 2515 1933 2591; x_wconf 82' lang='lat' dir='ltr'><strong>vel</strong></span> <span class='ocrx_word' id='word_1_138' title='bbox 1962 2543 2200 2618; x_wconf 89' lang='lat' dir='ltr'><strong>penes</strong></span> <span class='ocrx_word' id='word_1_139' title='bbox 2228 2543 2485 2590; x_wconf 87' lang='lat' dir='ltr'><strong>omnes</strong></span> <span class='ocrx_word' id='word_1_140' title='bbox 2525 2512 2532 2520; x_wconf 80' lang='grc'><em>’</em></span> 
     </span>
     <span class='ocr_line' id='line_1_22' title="bbox 318 2611 2480 2715; baseline -0 -27"><span class='ocrx_word' id='word_1_141' title='bbox 318 2639 677 2689; x_wconf 88' lang='lat' dir='ltr'><strong>summum</strong></span> <span class='ocrx_word' id='word_1_142' title='bbox 740 2619 855 2686; x_wconf 88' lang='lat' dir='ltr'><strong>est</strong></span> <span class='ocrx_word' id='word_1_143' title='bbox 916 2616 991 2685; x_wconf 85' lang='lat' dir='ltr'><strong>in</strong></span> <span class='ocrx_word' id='word_1_144' title='bbox 1060 2636 1145 2685; x_wconf 84' lang='lat' dir='ltr'><strong>re</strong></span> <span class='ocrx_word' id='word_1_145' title='bbox 1268 2611 1519 2687; x_wconf 85' lang='lat' dir='ltr'><strong>ublica</strong></span> <span class='ocrx_word' id='word_1_146' title='bbox 1579 2617 1699 2687; x_wconf 89' lang='lat' dir='ltr'><strong>ius</strong></span> <span class='ocrx_word' id='word_1_147' title='bbox 1760 2618 1987 2715; x_wconf 83' lang='lat' dir='ltr'><strong>atque</strong></span> <span class='ocrx_word' id='word_1_148' title='bbox 2065 2618 2480 2713; x_wconf 83' lang='lat' dir='ltr'><strong>imperium:</strong></span> 
     </span>
     <span class='ocr_line' id='line_1_23' title="bbox 318 2641 2481 2811; baseline -0 -26"><span class='ocrx_word' id='word_1_149' title='bbox 318 2737 726 2810; x_wconf 82' lang='lat' dir='ltr'><strong>rursusque</strong></span> <span class='ocrx_word' id='word_1_150' title='bbox 778 2735 878 2782; x_wconf 84' lang='lat' dir='ltr'><strong>ex</strong></span> <span class='ocrx_word' id='word_1_151' title='bbox 914 2704 1171 2782; x_wconf 80' lang='lat' dir='ltr'><strong>-tribus</strong></span> <span class='ocrx_word' id='word_1_152' title='bbox 1211 2641 1337 2784; x_wconf 50' lang='lat' dir='ltr'><strong>gis</strong></span> <span class='ocrx_word' id='word_1_153' title='bbox 1384 2709 1800 2810; x_wconf 82' lang='lat' dir='ltr'><strong>generibus</strong></span> <span class='ocrx_word' id='word_1_154' title='bbox 1846 2716 2073 2786; x_wconf 87' lang='lat' dir='ltr'><strong>unum</strong></span> <span class='ocrx_word' id='word_1_155' title='bbox 2133 2709 2481 2811; x_wconf 89' lang='lat' dir='ltr'><strong>quodque</strong></span> 
     </span>
     <span class='ocr_line' id='line_1_24' title="bbox 316 2803 2480 2907; baseline -0.001 -25"><span class='ocrx_word' id='word_1_156' title='bbox 316 2814 394 2883; x_wconf 87' lang='lat' dir='ltr'><strong>iu</strong></span> <span class='ocrx_word' id='word_1_157' title='bbox 447 2806 659 2881; x_wconf 90' lang='lat' dir='ltr'><strong>binas</strong></span> <span class='ocrx_word' id='word_1_158' title='bbox 709 2809 1000 2904; x_wconf 88' lang='lat' dir='ltr'><strong>species</strong></span> <span class='ocrx_word' id='word_1_159' title='bbox 1052 2803 1426 2898; x_wconf 86' lang='lat' dir='ltr'><strong>dividitur,</strong></span> <span class='ocrx_word' id='word_1_160' title='bbox 1475 2813 1728 2907; x_wconf 88' lang='lat' dir='ltr'><strong>prout,</strong></span> <span class='ocrx_word' id='word_1_161' title='bbox 1782 2813 1903 2907; x_wconf 84' lang='lat' dir='ltr'><strong>qui</strong></span> <span class='ocrx_word' id='word_1_162' title='bbox 1956 2834 2309 2883; x_wconf 87' lang='lat' dir='ltr'><strong>summam</strong></span> <span class='ocrx_word' id='word_1_163' title='bbox 2361 2834 2480 2880; x_wconf 81' lang='lat' dir='ltr'><strong>re-</strong></span> 
     </span>
     <span class='ocr_line' id='line_1_25' title="bbox 316 2904 2481 3006; baseline -0.001 -26"><span class='ocrx_word' id='word_1_164' title='bbox 316 2932 481 2980; x_wconf 88' lang='lat' dir='ltr'><strong>rum</strong></span> <span class='ocrx_word' id='word_1_165' title='bbox 528 2911 812 2995; x_wconf 85' lang='lat' dir='ltr'><strong>tenent,</strong></span> <span class='ocrx_word' id='word_1_166' title='bbox 858 2907 1238 3002; x_wconf 72' lang='lat' dir='ltr'><strong>potestate</strong></span> <span class='ocrx_word' id='word_1_167' title='bbox 1288 2931 1425 2977; x_wconf 91' lang='lat' dir='ltr'><strong>sua</strong></span> <span class='ocrx_word' id='word_1_168' title='bbox 1477 2913 1608 2977; x_wconf 88' lang='lat' dir='ltr'><strong>aut</strong></span> <span class='ocrx_word' id='word_1_169' title='bbox 1657 2904 1749 2976; x_wconf 91' lang='lat' dir='ltr'><strong>ad</strong></span> <span class='ocrx_word' id='word_1_170' title='bbox 1790 2912 2069 2979; x_wconf 83' lang='lat' dir='ltr'><strong>bonum</strong></span> <span class='ocrx_word' id='word_1_171' title='bbox 2100 2906 2481 3006; x_wconf 84' lang='lat' dir='ltr'><strong>publicum</strong></span> 
     </span>
     <span class='ocr_line' id='line_1_26' title="bbox 317 2999 2477 3095; baseline -0.002 -18"><span class='ocrx_word' id='word_1_172' title='bbox 317 3008 395 3078; x_wconf 90' lang='lat' dir='ltr'><strong>et</strong></span> <span class='ocrx_word' id='word_1_173' title='bbox 459 3025 914 3075; x_wconf 80' lang='lat' dir='ltr'><strong>communem</strong></span> <span class='ocrx_word' id='word_1_174' title='bbox 984 3004 1306 3074; x_wconf 88' lang='lat' dir='ltr'><strong>omnium</strong></span> <span class='ocrx_word' id='word_1_175' title='bbox 1373 2999 1686 3074; x_wconf 85' lang='lat' dir='ltr'><strong>salutem</strong></span> <span class='ocrx_word' id='word_1_176' title='bbox 1754 3006 2103 3095; x_wconf 84' lang='lat' dir='ltr'><strong>utuntur,</strong></span> <span class='ocrx_word' id='word_1_177' title='bbox 2172 3008 2299 3074; x_wconf 82' lang='lat' dir='ltr'><strong>aut</strong></span> <span class='ocrx_word' id='word_1_178' title='bbox 2345 3028 2477 3073; x_wconf 87' lang='lat' dir='ltr'><strong>ne·</strong></span> 
     </span>
     <span class='ocr_line' id='line_1_27' title="bbox 312 3096 2482 3197; baseline -0.002 -23"><span class='ocrx_word' id='word_1_179' title='bbox 312 3101 570 3197; x_wconf 73' lang='lat' dir='ltr'><strong>glecta</strong></span> <span class='ocrx_word' id='word_1_180' title='bbox 615 3099 935 3188; x_wconf 81' lang='lat' dir='ltr'><strong>utilitate</strong></span> <span class='ocrx_word' id='word_1_181' title='bbox 983 3096 1286 3196; x_wconf 87' lang='lat' dir='ltr'><strong>publica</strong></span> <span class='ocrx_word' id='word_1_182' title='bbox 1337 3124 1478 3170; x_wconf 91' lang='lat' dir='ltr'><strong>suo</strong></span> <span class='ocrx_word' id='word_1_183' title='bbox 1534 3102 1819 3171; x_wconf 87' lang='lat' dir='ltr'><strong>tantum</strong></span> <span class='ocrx_word' id='word_1_184' title='bbox 1869 3099 2259 3171; x_wconf 88' lang='lat' dir='ltr'><strong>commodo</strong></span> <span class='ocrx_word' id='word_1_185' title='bbox 2292 3100 2482 3171; x_wconf 88' lang='lat' dir='ltr'><strong>suis-</strong></span> 
     </span>
     <span class='ocr_line' id='line_1_28' title="bbox 317 3194 2475 3300; baseline -0.002 -29"><span class='ocrx_word' id='word_1_186' title='bbox 317 3223 466 3300; x_wconf 87' lang='lat' dir='ltr'><strong>que</strong></span> <span class='ocrx_word' id='word_1_187' title='bbox 527 3194 798 3293; x_wconf 88' lang='lat' dir='ltr'><strong>opibus</strong></span> <span class='ocrx_word' id='word_1_188' title='bbox 861 3198 1355 3292; x_wconf 85' lang='lat' dir='ltr'><strong>prospiciunt.</strong></span> <span class='ocrx_word' id='word_1_189' title='bbox 1466 3196 1585 3267; x_wconf 83' lang='lat' dir='ltr'><strong>Ita</strong></span> <span class='ocrx_word' id='word_1_190' title='bbox 1646 3222 2001 3270; x_wconf 90' lang='lat' dir='ltr'><strong>summum</strong></span> <span class='ocrx_word' id='word_1_191' title='bbox 2064 3199 2283 3268; x_wconf 90' lang='lat' dir='ltr'><strong>unius</strong></span> <span class='ocrx_word' id='word_1_192' title='bbox 2342 3198 2475 3267; x_wconf 88' lang='lat' dir='ltr'><strong>im·</strong></span> 
     </span>
     <span class='ocr_line' id='line_1_29' title="bbox 313 3290 2476 3395; baseline -0.001 -28"><span class='ocrx_word' id='word_1_193' title='bbox 313 3296 605 3395; x_wconf 78' lang='lat' dir='ltr'><strong>perium</strong></span> <span class='ocrx_word' id='word_1_194' title='bbox 653 3295 784 3364; x_wconf 87' lang='lat' dir='ltr'><strong>aut</strong></span> <span class='ocrx_word' id='word_1_195' title='bbox 830 3317 1148 3387; x_wconf 82' lang='lat' dir='ltr'><strong>regnum</strong></span> <span class='ocrx_word' id='word_1_196' title='bbox 1200 3298 1472 3365; x_wconf 80' lang='lat' dir='ltr'><strong>vocant</strong></span> <span class='ocrx_word' id='word_1_197' title='bbox 1518 3298 1649 3364; x_wconf 85' lang='lat' dir='ltr'><strong>aut</strong></span> <span class='ocrx_word' id='word_1_198' title='bbox 1699 3290 2277 3367; x_wconf 72' lang='lat' dir='ltr'><strong>dominationem</strong></span> <span class='ocrx_word' id='word_1_199' title='bbox 2324 3297 2476 3387; x_wconf 84' lang='lat' dir='ltr'><strong>(ty-</strong></span> 
     </span>
     <span class='ocr_line' id='line_1_30' title="bbox 247 3385 2479 3488; baseline -0.003 -21"><span class='ocrx_word' id='word_1_200' title='bbox 247 3401 259 3413; x_wconf 84' lang='grc'><em>’</em></span> <span class='ocrx_word' id='word_1_201' title='bbox 313 3388 772 3485; x_wconf 84' lang='lat' dir='ltr'><strong>rannidem):</strong></span> <span class='ocrx_word' id='word_1_202' title='bbox 821 3385 952 3461; x_wconf 91' lang='lat' dir='ltr'><strong>ubi</strong></span> <span class='ocrx_word' id='word_1_203' title='bbox 1002 3415 1047 3462; x_wconf 89' lang='lat' dir='ltr'><strong>a</strong></span> <span class='ocrx_word' id='word_1_204' title='bbox 1098 3391 1360 3487; x_wconf 87' lang='lat' dir='ltr'><strong>paucis</strong></span> <span class='ocrx_word' id='word_1_205' title='bbox 1409 3414 1534 3462; x_wconf 88' lang='lat' dir='ltr'><strong>res</strong></span> <span class='ocrx_word' id='word_1_206' title='bbox 1565 3386 1868 3488; x_wconf 82' lang='lat' dir='ltr'><strong>publica</strong></span> <span class='ocrx_word' id='word_1_207' title='bbox 1896 3389 2479 3480; x_wconf 84' lang='lat' dir='ltr'><strong>administratur,</strong></span> 
     </span>
     <span class='ocr_line' id='line_1_31' title="bbox 317 3485 2475 3587; baseline -0.003 -23"><span class='ocrx_word' id='word_1_208' title='bbox 317 3497 451 3564; x_wconf 89' lang='lat' dir='ltr'><strong>aut</strong></span> <span class='ocrx_word' id='word_1_209' title='bbox 511 3488 990 3560; x_wconf 87' lang='lat' dir='ltr'><strong>aristocratia</strong></span> <span class='ocrx_word' id='word_1_210' title='bbox 1049 3489 1167 3558; x_wconf 78' lang='lat' dir='ltr'><strong>est</strong></span> <span class='ocrx_word' id='word_1_211' title='bbox 1226 3494 1356 3558; x_wconf 88' lang='lat' dir='ltr'><strong>aut</strong></span> <span class='ocrx_word' id='word_1_212' title='bbox 1415 3485 1861 3584; x_wconf 80' lang='lat' dir='ltr'><strong>oligarchia:</strong></span> <span class='ocrx_word' id='word_1_213' title='bbox 1928 3486 2249 3587; x_wconf 89' lang='lat' dir='ltr'><strong>denique</strong></span> <span class='ocrx_word' id='word_1_214' title='bbox 2309 3489 2475 3558; x_wconf 91' lang='lat' dir='ltr'><strong>uni-</strong></span> 
     </span>
     <span class='ocr_line' id='line_1_32' title="bbox 314 3580 2574 3684; baseline -0.003 -24"><span class='ocrx_word' id='word_1_215' title='bbox 314 3589 516 3661; x_wconf 77' lang='lat' dir='ltr'><strong>versi</strong></span> <span class='ocrx_word' id='word_1_216' title='bbox 562 3581 820 3684; x_wconf 89' lang='lat' dir='ltr'><strong>populi</strong></span> <span class='ocrx_word' id='word_1_217' title='bbox 866 3585 1254 3682; x_wconf 88' lang='lat' dir='ltr'><strong>imperium</strong></span> <span class='ocrx_word' id='word_1_218' title='bbox 1304 3586 1443 3669; x_wconf 17' lang='lat' dir='ltr'><strong>aut*</strong></span> <span class='ocrx_word' id='word_1_219' title='bbox 1483 3582 2012 3659; x_wconf 88' lang='lat' dir='ltr'><strong>democratiam</strong></span> <span class='ocrx_word' id='word_1_220' title='bbox 2047 3583 2300 3657; x_wconf 79' lang='lat' dir='ltr'><strong>dicunt</strong></span> <span class='ocrx_word' id='word_1_221' title='bbox 2339 3580 2478 3654; x_wconf 76' lang='lat' dir='ltr'><strong>&#39;aut</strong></span> <span class='ocrx_word' id='word_1_222' title='bbox 2570 3610 2574 3615; x_wconf 95' lang='lat'>·</span> 
     </span>
    </p>
   </div>
   <div class='ocr_carea' id='block_1_5' title="bbox 314 3763 711 3780">
    <p class='ocr_par' dir='ltr' id='par_1_5' title="bbox 314 3763 711 3780">
     <span class='ocr_line' id='line_1_33' title="bbox 314 3763 711 3780; baseline 0 1195"><span class='ocrx_word' id='word_1_223' title='bbox 314 3763 711 3780; x_wconf 95' lang='lat' dir='ltr'><strong> </strong></span> 
     </span>
    </p>
   </div>
   <div class='ocr_carea' id='block_1_6' title="bbox 308 3858 2475 4222">
    <p class='ocr_par' dir='ltr' id='par_1_6' title="bbox 308 3858 2475 4222">
     <span class='ocr_line' id='line_1_34' title="bbox 451 3858 2473 3937; baseline -0.002 -19"><span class='ocrx_word' id='word_1_224' title='bbox 451 3860 515 3934; x_wconf 82' lang='lat'><strong>8)</strong></span> <span class='ocrx_word' id='word_1_225' title='bbox 552 3862 787 3917; x_wconf 83' lang='lat' dir='ltr'><strong>Pindar.</strong></span> <span class='ocrx_word' id='word_1_226' title='bbox 815 3858 1024 3933; x_wconf 57' lang='lat' dir='ltr'><strong>fragm.</strong></span> <span class='ocrx_word' id='word_1_227' title='bbox 1065 3865 1178 3916; x_wconf 82' lang='lat' dir='ltr'><strong>inc.</strong></span> <span class='ocrx_word' id='word_1_228' title='bbox 1215 3881 1313 3917; x_wconf 84' lang='lat' dir='ltr'><strong>no.</strong></span> <span class='ocrx_word' id='word_1_229' title='bbox 1351 3864 1423 3920; x_wconf 72' lang='lat'><strong>48</strong></span> <span class='ocrx_word' id='word_1_230' title='bbox 1459 3870 1510 3937; x_wconf 75' lang='lat' dir='ltr'><strong>p.</strong></span> <span class='ocrx_word' id='word_1_231' title='bbox 1547 3864 1654 3918; x_wconf 76' lang='lat'><strong>245</strong></span> <span class='ocrx_word' id='word_1_232' title='bbox 1690 3866 1843 3917; x_wconf 70' lang='lat' dir='ltr'><strong>Dies.</strong></span> <span class='ocrx_word' id='word_1_233' title='bbox 1920 3863 2115 3937; x_wconf 72' lang='lat' dir='ltr'><strong>Eut-ip.</strong></span> <span class='ocrx_word' id='word_1_234' title='bbox 2154 3865 2325 3917; x_wconf 78' lang='lat' dir='ltr'><strong>Herc.</strong></span> <span class='ocrx_word' id='word_1_235' title='bbox 2363 3863 2473 3914; x_wconf 81' lang='lat' dir='ltr'><strong>fur.</strong></span> 
     </span>
     <span class='ocr_line' id='line_1_35' title="bbox 309 3933 2475 4008; baseline 0.001 -21"><span class='ocrx_word' id='word_1_236' title='bbox 309 3938 420 3993; x_wconf 71' lang='lat'><strong>940</strong></span> <span class='ocrx_word' id='word_1_237' title='bbox 455 3937 650 3989; x_wconf 81' lang='lat' dir='ltr'><strong>Herm.</strong></span> <span class='ocrx_word' id='word_1_238' title='bbox 688 3935 1006 4006; x_wconf 60' lang='lat' dir='ltr'><strong>Pheret-jd.</strong></span> <span class='ocrx_word' id='word_1_239' title='bbox 1044 3936 1237 3988; x_wconf 70' lang='lat' dir='ltr'><strong>Stura.</strong></span> <span class='ocrx_word' id='word_1_240' title='bbox 1276 3935 1436 4007; x_wconf 79' lang='lat' dir='ltr'><strong>p.82.</strong></span> <span class='ocrx_word' id='word_1_241' title='bbox 1476 3937 1798 3989; x_wconf 78' lang='lat' dir='ltr'><strong>Hecataeus</strong></span> <span class='ocrx_word' id='word_1_242' title='bbox 1835 3937 2041 3989; x_wconf 85' lang='lat' dir='ltr'><strong>Crenz.</strong></span> <span class='ocrx_word' id='word_1_243' title='bbox 2079 3956 2130 4008; x_wconf 85' lang='lat' dir='ltr'><strong>p.</strong></span> <span class='ocrx_word' id='word_1_244' title='bbox 2150 3938 2238 3991; x_wconf 81' lang='lat'><strong>72.</strong></span> <span class='ocrx_word' id='word_1_245' title='bbox 2278 3933 2475 3990; x_wconf 76' lang='lat' dir='ltr'><strong>Strab-</strong></span> 
     </span>
     <span class='ocr_line' id='line_1_36' title="bbox 308 4005 2471 4079; baseline -0.002 -19"><span class='ocrx_word' id='word_1_246' title='bbox 308 4008 475 4071; x_wconf 78' lang='lat' dir='ltr'><strong>vm,</strong></span> <span class='ocrx_word' id='word_1_247' title='bbox 511 4007 548 4062; x_wconf 84' lang='grc'>6</span> <span class='ocrx_word' id='word_1_248' title='bbox 584 4027 637 4077; x_wconf 83' lang='lat' dir='ltr'><strong>p.</strong></span> <span class='ocrx_word' id='word_1_249' title='bbox 676 4007 800 4061; x_wconf 85' lang='grc'><strong>369.</strong></span> <span class='ocrx_word' id='word_1_250' title='bbox 837 4009 962 4062; x_wconf 80' lang='lat'><strong>373.</strong></span> <span class='ocrx_word' id='word_1_251' title='bbox 1037 4005 1312 4079; x_wconf 77' lang='lat' dir='ltr'><strong>Apollod.</strong></span> <span class='ocrx_word' id='word_1_252' title='bbox 1346 4009 1420 4071; x_wconf 84' lang='lat'><strong>11,</strong></span> <span class='ocrx_word' id='word_1_253' title='bbox 1455 4010 1507 4075; x_wconf 75' lang='lat'><strong>2,</strong></span> <span class='ocrx_word' id='word_1_254' title='bbox 1551 4009 1600 4072; x_wconf 86' lang='lat' dir='ltr'><strong>l,</strong></span> <span class='ocrx_word' id='word_1_255' title='bbox 1633 4009 1686 4061; x_wconf 84' lang='lat'><strong>3.</strong></span> <span class='ocrx_word' id='word_1_256' title='bbox 1781 4008 2028 4060; x_wconf 75' lang='lat' dir='ltr'><strong>Pausan.</strong></span> <span class='ocrx_word' id='word_1_257' title='bbox 2062 4009 2135 4076; x_wconf 78' lang='lat'><strong>11,</strong></span> <span class='ocrx_word' id='word_1_258' title='bbox 2190 4007 2329 4068; x_wconf 80' lang='lat'><strong>16,4.</strong></span> <span class='ocrx_word' id='word_1_259' title='bbox 2382 4009 2471 4071; x_wconf 78' lang='lat'><strong>20,</strong></span> 
     </span>
     <span class='ocr_line' id='line_1_37' title="bbox 312 4077 2472 4153; baseline -0.002 -21"><span class='ocrx_word' id='word_1_260' title='bbox 312 4082 370 4132; x_wconf 72' lang='grc' dir='ltr'><strong>ὅ.</strong></span> <span class='ocrx_word' id='word_1_261' title='bbox 427 4081 515 4145; x_wconf 79' lang='lat'><strong>25,</strong></span> <span class='ocrx_word' id='word_1_262' title='bbox 552 4080 612 4133; x_wconf 72' lang='lat'><strong>7.</strong></span> <span class='ocrx_word' id='word_1_263' title='bbox 666 4079 798 4144; x_wconf 83' lang='lat' dir='ltr'>VII,</span> <span class='ocrx_word' id='word_1_264' title='bbox 836 4082 924 4145; x_wconf 74' lang='lat'><strong>25,</strong></span> <span class='ocrx_word' id='word_1_265' title='bbox 959 4081 1013 4135; x_wconf 82' lang='lat'><strong>3.</strong></span> <span class='ocrx_word' id='word_1_266' title='bbox 1065 4078 1260 4134; x_wconf 80' lang='lat' dir='ltr'><strong>Schol.</strong></span> <span class='ocrx_word' id='word_1_267' title='bbox 1292 4079 1490 4153; x_wconf 76' lang='lat' dir='ltr'><strong>Apoll.</strong></span> <span class='ocrx_word' id='word_1_268' title='bbox 1527 4079 1848 4146; x_wconf 80' lang='lat' dir='ltr'><strong>Rhod.IV,</strong></span> <span class='ocrx_word' id='word_1_269' title='bbox 1887 4080 2042 4133; x_wconf 81' lang='lat'><strong>1091.</strong></span> <span class='ocrx_word' id='word_1_270' title='bbox 2098 4077 2359 4134; x_wconf 73' lang='lat' dir='ltr'><strong>Eustath.</strong></span> <span class='ocrx_word' id='word_1_271' title='bbox 2398 4077 2472 4128; x_wconf 78' lang='lat' dir='ltr'><strong>ad</strong></span> 
     </span>
     <span class='ocr_line' id='line_1_38' title="bbox 309 4150 945 4222; baseline -0.005 -16"><span class='ocrx_word' id='word_1_272' title='bbox 309 4150 479 4206; x_wconf 82' lang='lat' dir='ltr'><strong>Iliad.</strong></span> <span class='ocrx_word' id='word_1_273' title='bbox 514 4150 571 4204; x_wconf 90' lang='lat'><strong>11</strong></span> <span class='ocrx_word' id='word_1_274' title='bbox 602 4167 660 4222; x_wconf 79' lang='lat' dir='ltr'><strong>p.</strong></span> <span class='ocrx_word' id='word_1_275' title='bbox 696 4150 819 4217; x_wconf 78' lang='lat'><strong>286,</strong></span> <span class='ocrx_word' id='word_1_276' title='bbox 853 4151 945 4205; x_wconf 78' lang='lat'><strong>21.</strong></span> 
     </span>
    </p>
   </div>
   <div class='ocr_carea' id='block_1_7' title="bbox 309 4269 2469 4416">
    <p class='ocr_par' dir='ltr' id='par_1_7' title="bbox 309 4269 2469 4416">
     <span class='ocr_line' id='line_1_39' title="bbox 458 4269 2469 4345; baseline -0.001 -18"><span class='ocrx_word' id='word_1_277' title='bbox 458 4269 519 4344; x_wconf 86' lang='grc'><strong>1)</strong></span> <span class='ocrx_word' id='word_1_278' title='bbox 559 4272 726 4327; x_wconf 66' lang='lat' dir='ltr'><strong>&#39;rhun</strong></span> <span class='ocrx_word' id='word_1_279' title='bbox 770 4275 824 4328; x_wconf 77' lang='lat' dir='ltr'><strong>d.</strong></span> <span class='ocrx_word' id='word_1_280' title='bbox 863 4277 915 4339; x_wconf 83' lang='lat'><strong>1,</strong></span> <span class='ocrx_word' id='word_1_281' title='bbox 956 4275 1038 4330; x_wconf 81' lang='lat'><strong>13.</strong></span> <span class='ocrx_word' id='word_1_282' title='bbox 1076 4277 1256 4328; x_wconf 69' lang='lat' dir='ltr'><strong>Arist.</strong></span> <span class='ocrx_word' id='word_1_283' title='bbox 1292 4277 1467 4329; x_wconf 82' lang='lat' dir='ltr'><strong>Polit.</strong></span> <span class='ocrx_word' id='word_1_284' title='bbox 1500 4278 1602 4342; x_wconf 86' lang='lat' dir='ltr'><strong>m,</strong></span> <span class='ocrx_word' id='word_1_285' title='bbox 1640 4277 1691 4342; x_wconf 80' lang='grc'><strong>9,</strong></span> <span class='ocrx_word' id='word_1_286' title='bbox 1722 4276 1771 4331; x_wconf 86' lang='grc'><strong>7.</strong></span> <span class='ocrx_word' id='word_1_287' title='bbox 1815 4279 1898 4341; x_wconf 85' lang='lat'><strong>1⁰,</strong></span> <span class='ocrx_word' id='word_1_288' title='bbox 1937 4277 1987 4335; x_wconf 81' lang='grc'><strong>7.</strong></span> <span class='ocrx_word' id='word_1_289' title='bbox 2028 4278 2270 4345; x_wconf 79' lang='lat' dir='ltr'><strong>Dionys.</strong></span> <span class='ocrx_word' id='word_1_290' title='bbox 2308 4276 2469 4337; x_wconf 74' lang='lat' dir='ltr'><strong>A.R‚</strong></span> 
     </span>
     <span class='ocr_line' id='line_1_40' title="bbox 309 4346 1541 4416; baseline 0.001 -16"><span class='ocrx_word' id='word_1_291' title='bbox 309 4348 390 4413; x_wconf 75' lang='lat' dir='ltr'><strong>V,</strong></span> <span class='ocrx_word' id='word_1_292' title='bbox 426 4346 516 4400; x_wconf 78' lang='lat'><strong>74.</strong></span> <span class='ocrx_word' id='word_1_293' title='bbox 567 4346 721 4416; x_wconf 76' lang='lat' dir='ltr'><strong>Poly</strong></span> <span class='ocrx_word' id='word_1_294' title='bbox 765 4383 780 4398; x_wconf 89' lang='lat'><strong>.</strong></span> <span class='ocrx_word' id='word_1_295' title='bbox 817 4347 921 4411; x_wconf 71' lang='lat' dir='ltr'><strong>Vl,</strong></span> <span class='ocrx_word' id='word_1_296' title='bbox 958 4349 1008 4401; x_wconf 80' lang='lat'><strong>4.</strong></span> <span class='ocrx_word' id='word_1_297' title='bbox 1059 4349 1310 4400; x_wconf 70' lang='lat' dir='ltr'><strong>Pausan.</strong></span> <span class='ocrx_word' id='word_1_298' title='bbox 1346 4350 1451 4410; x_wconf 82' lang='lat' dir='ltr'><strong>lx,</strong></span> <span class='ocrx_word' id='word_1_299' title='bbox 1488 4349 1541 4401; x_wconf 74' lang='lat'><strong>1.</strong></span> 
     </span>
    </p>
   </div>
  </div>
 </body>
</html>
