3067 4975
1026 380 1097 452 6.
1147 383 1266 455 De
1313 380 1648 458 iudiciale..
2011 451 2018 458 .
2337 390 2486 463 283

317 575 435 657 βης
479 569 569 657 9).
669 565 913 637 Etiam
992 566 1117 666 qui
1184 562 1259 637 in
1329 566 1652 636 anacrisi
1716 566 2221 648 testimoninm
2272 566 2485 645 dixe-

317 669 514 754 rant,
549 659 872 735 aderant
898 665 1147 735 tamen
1175 664 1254 733 in
1283 659 1585 753 iudicio,
1635 668 1719 733 ut
1747 668 2134 740 recitatum
2162 693 2206 739 a
2230 665 2486 741 scriba

321 763 828 832 testimonium
878 763 1011 832 aut
1052 757 1353 831 disertis
1378 753 1632 834 verbis
1684 763 1815 831 aut
1855 763 2082 836 tacite
2110 789 2486 862 agnosce-

314 858 602 940 rent¹⁰).
702 854 910 930 ldem
963 854 1055 930 de
1107 858 1201 928 iis
1251 852 1647 927 dicendum
1698 864 1836 948 est,
1888 863 2012 958 qui
2064 863 2177 932 ius
2227 864 2482 933 iuran-

313 950 485 1026 dum
532 955 610 1025 iu
663 956 995 1027 anacrisi*
1034 951 1420 1045 dederant,
1468 954 1534 1027 si
1583 953 1877 1052 quidem
1929 953 2084 1048 alii,
2135 983 2287 1030 non
2336 960 2483 1055 ipsi

309 1046 421 1122 liti
482 1052 722 1145 antee,
761 1050 1339 1146 iuraverantfl).
1407 1049 1829 1149 Postquam
1852 1055 2290 1151 peroratum
2318 1055 2486 1150 erat

309 1075 595 1220 iussces
668 1174 715 1221 a
789 1150 1242 1246 magistratu
1318 1150 1398 1219 in
1457 1145 1902 1247 suffragium
1963 1149 2471 1229 mittebantur.

313 1242 687 1343 Suffragii
738 1242 917 1318 latio
971 1242 1268 1319 occulta
1317 1244 1508 1336 erat,
1559 1243 1864 1320 calculis
1894 1244 2085 1321 albis
2112 1248 2242 1320 aut
2266 1249 2480 1341 atris,

312 1340 575 1415 solidis
651 1343 782 1415 aut
850 1342 1262 1440 perforatis
1308 1344 1386 1415 iu
1450 1340 1885 1440 amphoram
1956 1348 2319 1417 coniectis
2348 1344 2480 1441 ¹²):

312 1463 750 1539 quamquam
781 1465 936 1513 non
961 1438 1221 1513 eadem
1257 1442 1453 1512 omni
1490 1441 1833 1536 tempore
1864 1447 1997 1513 aut
2027 1447 2103 1514 in
2135 1439 2482 1515 omnibus

310 1539 559 1608 causis
624 1539 818 1609 ratio
883 1532 1786 1632 observari-solebatffi).
1907 1535 2474 1612 Absolvebatnr

312 1658 495 1705 reus
546 1634 770 1706 etiam
877 1637 987 1705 ari
1049 1631 1581 1730 suffragiorum
1636 1660 1985 1729 numer03
2076 1639 2335 1728 actor,
2412 1641 2483 1710 si

313 1732 643 1829 quintam
694 1757 783 1802 su
842 1735 1231 1829 rag-iorum
1280 1737 1572 1827 partem
1622 1757 1776 1803 non
1825 1731 2147 1826 tulisset,
2195 1735 2270 1803 in
2320 1735 2479 1830 pri-

310 1830 502 1899 vatis
578 1829 825 1900 causis
892 1824 1403 1926 compluribus
1462 1824 1940 1924 plectebatur
1997 1838 2075 1924 τῇ
2133 1832 2477 1916 ἐπωβελίᾳ,

315 1926 472 1997 sive
520 1931 740 2000 sexta
787 1928 1004 2022 parte
1056 1930 1216 1998 eius
1264 1926 1631 2022 pecuniae
1671 1951 1891 2025 quam
1916 1927 2295 2024 petiisset:
2348 1951 2481 1998 eo-
2573 1997 2579 2005 ,

317 2018 483 2092 dem
531 2019 754 2094 modo
804 2026 878 2093 in
931 2029 1125 2114 φάσει
1149 2018 1288 2115 ¹4):
1337 2023 1414 2092 in
1455 2021 1627 2093 aliis
1658 2028 1905 2095 causis
1936 2020 2255 2120 publicis
2283 2021 2481 2099 mille

314 2115 834 2191 drachmarum
898 2118 1168 2194 mulcta
1219 2142 1457 2218 eaque
1506 2111 1752 2207 ἄτίμὶᾳ,
1830 2126 1914 2192 ut
1963 2116 2293 2192 eiusdem
2339 2145 2480 2215 ge-

313 2217 513 2290 neris
566 2218 906 2289 actiones
954 2221 1346 2289 instituere
1393 2218 1470 2287 in
1519 2222 1908 2311 posterum
1955 2218 2478 2313 vetaretur¹⁵).

315 2355 410 2370 -
460 2311 553 2385 Si
604 2336 834 2386 causa
883 2317 1084 2388 esset
1133 2340 1233 2387 ex
1281 2314 1559 2397 ἀγώνων
1597 2323 1878 2404 τιμητῶν
1920 2339 2231 2412 genere,
2295 2339 2478 2387 con-

318 2406 667 2481 demnato
742 2436 878 2483 reo
932 2414 1152 2484 etiam
1203 2408 1296 2483 de
1351 2408 1476 2481 lite
1530 2411 1998 2484 aestimanda
2048 2409 2245 2508 apud
2294 2409 2483 2484 iudi-

313 2532 443 2579 ces
493 2510 624 2605 agi
674 2507 1107 2607 oportebat.
1202 2508 1814 2583 Aestimationem
1862 2513 2081 2583 actor
2117 2512 2189 2580 in
2225 2505 2483 2584 libello

314 2609 763 2704 scripserat3
815 2603 1094 2679 licebat
1141 2613 1387 2678 autem
1439 2627 1601 2697 reo,
1653 2630 1818 2678 cum
1864 2605 2189 2679 iudicum
2243 2610 2484 2701 venia,

316 2727 529 2775 suam
594 2702 762 2776 huic
813 2706 1410 2778 aestimationem
1465 2726 1891 2796 opponere:
1972 2729 2071 2778 ex
2126 2701 2259 2780 his».
2291 2702 2482 2776 iudi-

314 2826 446 2872 ces
490 2804 738 2873 utram
785 2800 1061 2875 vellent
1111 2798 1493 2900 eligebant
1518 2800 1643 2894 ¹⁶),
1696 2825 1844 2900 qua
1889 2804 1969 2874 in
2018 2826 2101 2876 re
2152 2802 2285 2873 aut
2332 2799 2487 2874 cal-

454 3093 520 3167 9)
560 3100 627 3152 Ρ.
660 3099 733 3150 A.
768 3116 824 3168 p.
863 3096 969 3152 672
1004 3115 1128 3168 sqq.
1169 3094 1245 3151 of.
1281 3115 1342 3168 p.
1377 3092 1484 3150 478
1520 3101 1581 3149 et
1612 3093 1931 3151 387-392.
1985 3093 2228 3149 Heffter.
2268 3107 2323 3161 p.
2356 3096 2481 3151 307.

462 3200 560 3272 lo)
599 3205 667 3257 P.
704 3206 775 3258 A.
811 3225 866 3275 p.
902 3203 1008 3258 676
1041 3221 1128 3277 sq.
1929 3230 1944 3236 ‘

468 3308 564 3379 11)
602 3310 750 3365 nna.
788 3310 992 3376 p.687.

465 3429 563 3503 12)
615 3434 763 3489 Ibid.
824 3447 882 3499 Ρ.
935 3434 1041 3487 720
1091 3451 1159 3505 sq
1198 3469 1214 3486 .
1303 3436 1396 3490 De
1453 3431 1742 3507 amphoris
1796 3432 1923 3486 sive
1973 3433 2127 3488 cadis
2181 3453 2490 3505 eorumque

320 3505 473 3649 3:151?
504 3506 628 3632 1οὲὸο
645 3514 704 3561 et
741 3505 1012 3561 Grashof.
1058 3507 1121 3558 in
1200 3505 1360 3562 abnii
1394 3507 1612 3561 Annal.
1662 3503 1868 3579 philol.
1906 3523 2041 3565 aun.
2080 3508 2219 3565 1829
2259 3506 2374 3562 vol.
2410 3509 2489 3575 11,

464 3680 564 3753 13)
612 3686 681 3737 P.
716 3685 787 3738 A.
834 3683 875 3738 l.
920 3682 962 3738 l.
1014 3689 1073 3738 et
1116 3703 1176 3757 p.
1212 3684 1336 3740 ¹723.
1424 3683 1517 3742 cf.
1566 3689 1625 3738 et
1669 3683 1735 3737 Ϊι.
1770 3685 1926 3738 Roas
1966 3686 2029 3738 in
2065 3682 2242 3736 Jahn.
2282 3684 2493 3740 annall.

325 3773 461 3808 nov·⁸
513 3755 793 3828 supplem.
848 3758 881 3809 1
923 3753 1088 3822 (ann.
1129 3756 1294 3824 1832)
1341 3755 1479 3810 fasc.
1515 3758 1553 3811 3
1589 3777 1642 3828 p.
1679 3758 1787 3810 350
1823 3774 1938 3827 sqq.
1979 3755 2160 3809 schol.
2197 3755 2494 3827 Aristoph.

326 3827 550 3899 Equitt.
587 3829 744 3882 1147.
814 3827 1080 3881 Mueller.
1118 3827 1190 3882 ad
1222 3827 1498 3900 Aeschyl.
1525 3828 1769 3882 Eumen.
1803 3847 1859 3900 p.
1901 3829 2017 3883 161.
2241 3828 2247 3835 ⁸

473 3926 573 4003 14)·
628 3936 720 3987 ι).
765 3934 1014 4006 επωρελιᾳ
1058 3935 1173 3988 via.
1217 3936 1286 3989 r.
1335 3938 1404 3989 A.
1441 3956 1497 4007 p.
1538 3936 1871 4002 729-734,
1928 3918 2026 3990 uin
2073 3943 2132 3992 et
2176 3936 2250 3991 «ι.
2296 3936 2493 3992 emnem

248 4020 254 4028 ·
332 4004 547 4058 mulcta
580 4008 640 4059 in
677 4009 1061 4081 παραγραφαῖς
1092 4014 1151 4062 et
1186 4007 1536 4087 ἀντιγραφαῖς
1568 4009 1886 4081 pendenda.

475 4107 574 4181 15)
613 4112 706 4167 cf.
746 4113 798 4182 ς.
833 4114 923 4181 53,
959 4113 1012 4167 7.

478 4235 577 4305 16)
618 4238 880 4291 Licuitne
918 4240 1088 4292 etiam
1122 4238 1411 4293 iudicibus
1449 4239 1600 4292 sieut
1630 4236 1931 4310 προστιμᾶν,
1968 4240 2050 4292 sie
2073 4242 2240 4305 etiam
2263 4237 2507 4313 ἀφαιρεῖν

274 4344 279 4353 ,
330 4328 379 4362 n
422 4309 507 4362 wi?
549 4309 824 4381 τιμήματος
868 4310 1074 4375 (Isocr.
1112 4319 1217 4364 etr.
1257 4310 1479 4364 Lochit.
1516 4330 1568 4364 ο.
1606 4311 1717 4376 13.)
1753 4313 1835 4362 ita
1873 4319 1936 4363 ut
1971 4329 2089 4364 non
2128 4314 2213 4363 rei
2248 4311 2502 4382 «ἐπιτίμη-

333 4398 421 4436 σιν
454 4380 560 4435 sed
594 4400 762 4436 suum
799 4384 1096 4439 arbitrium
1131 4382 1552 4456 sequerentur?
1618 4400 1767 4455 quae
1802 4381 2059 4439 mejerus
2094 4383 2294 4437 obiicit
2325 4384 2396 4440 Ρ.
2428 4385 2500 4436 Α.
