3067 4975
653 377 669 387 ”
780 368 857 443 8.
901 369 1022 441 De
1070 364 1478 467 discuplo'na
1511 364 1857 466 publica.
2301 366 2461 463 2351

268 510 536 631 ‘verbis
586 514 853 643 fortes3
903 576 991 625 re
1038 549 1340 647 ignavi,
1391 545 1565 621 deni
1618 573 1715 621 ue
1733 549 1823 641 uii,
1877 574 2070 650 quos
2099 544 2468 629 subactos

277 651 579 727 tandem
643 652 722 724 et
784 647 1297 721 dominatione
1361 670 1453 718 ac
1515 643 1569 717 li
1628 646 1874 721 ertate
1918 649 2267 746 privatos
2317 673 2465 727 nec

279 752 576 826 mireris
625 771 767 821 nec
817 769 1286 844 magnopere
1338 740 1626 816 doleas.
2241 785 2246 788 -

1181 915 1252 996 §-
1301 910 1549 989 XCII.
1671 945 1677 952 ·

474 1045 833 1121 Ceterum
882 1041 980 1117 ah
1031 1042 1146 1118 his
1197 1042 1427 1117 malis*
1461 1068 1565 1118 ex
1610 1041 1952 1119 urbanae
1999 1041 2249 1143 plebis
2268 1046 2460 1122 mul-

280 1141 597 1219 titudine
663 1145 743 1217 et
804 1140 1160 1216 libertate
1235 1144 1427 1214 ortis
1475 1159 1632 1242 qno
1679 1143 1923 1214 miuus
1974 1147 2227 1216 caveri
2276 1170 2462 1245 pos-

285 1243 429 1334 set,
479 1244 648 1339 ipsa
697 1240 1025 1313 civitatis
1074 1236 1420 1312 condicio
1474 1236 1796 1331 obstitit,
1846 1242 1969 1312 cui
2020 1246 2098 1314 et
2195 1244 2468 1343 ropter

285 1340 462 1437 agri
516 1339 744 1410 Attici
805 1339 1152 1410 naturam
1215 1329 1512 1409 artibus
1557 1333 1812 1434 multis
1860 1337 1939 1410 et
1986 1268 2461 1437 opifl’ciornm

286 1435 603 1537 quaestu
652 1437 1192 1534 maritimisque
1243 1436 1749 1523 commerciiS,
1816 1433 1897 1507 et
1943 1440 2275 1554 propter
2324 1463 2463 1511 na-

282 1532 494 1607 vales
559 1536 823 1631 copias
882 1527 1337 1629 remigibus,
1424 1533 1672 1603 nautis
1684 1580 1711 1623 ,
1792 1528 2202 1606 classiariis
2265 1561 2312 1607 o
2366 1561 2461 1608 us

266 1637 481 1724 erat,
544 1636 630 1702 ut
692 1654 833 1703 nec
883 1625 1153 1704 deesse
1201 1630 1710 1702 necessariam
1759 1624 1878 1700 his
1926 1626 2161 1703 rebus
2209 1656 2331 1705 mu
2361 1636 2460 1706 ti-

284 1726 620 1801 tudinem
669 1724 974 1819 liceret‚
1023 1751 1204 1819 nec,
1254 1727 1321 1798 si
1373 1723 1744 1815 adesset,
1782 1749 1938 1798 nou
1986 1733 2257 1826 posset
2303 1755 2463 1803 non

282 1823 506 1899 facile
569 1847 887 1897 numero
955 1824 1034 1897 et
1079 1817 1372 1896 viribus
1421 1820 1733 1896 multum
1784 1823 2011 1896 etiam
2058 1826 2134 1898 in
2184 1851 2271 1899 re
2319 1851 2474 1927 pu·-

279 1919 486 1996 hlica
555 1918 930 2018 valere1).
1051 1922 1163 1992 Ac
1252 1917 1346 1992 de
1424 1915 1828 1993 navalibus
1888 1918 2459 1999 Atheniensium

285 2022 533 2119 copiis
584 2016 768 2091 alibi
821 2017 1010 2091 satis
1061 2015 1338 2091 dictum
1388 2024 1550 2112 est3
1626 2040 1897 2114 agrum
1962 2020 2210 2093 autem
2258 2022 2458 2095 Atti-

281 2142 450 2192 cum
494 2112 943 2287 {letumque
991 2114 1323 2285 sterilfm
1361 2111 1600 2188 fnisse
1629 2114 1952 2285 copgtteat,
2000 2112 2462 2289 f¹¹228⁰¹¹13¹1w
2527 2118 2563 2185 i

453 2240 500 2288 a
612 2236 976 2286 summam
1099 2238 1175 2285 ιιι
1232 2237 1349 2286 em
1419 2236 1692 2287 necess
1881 2238 1953 2286 m
2054 2240 2100 2287 a
2131 2241 2200 2289 1s
2425 2257 2461 2272 -

279 2240 486 2402 ἔξω,
565 2316 1031 2409 quapropter
1046 2236 1430 2407 qmagnam
1480 2312 1884 2430 quotannis
1931 2237 2461 2388 frgmentilffi-

275 2411 480 2509 piam
525 2408 919 2507 importari
970 2431 1071 2480 ex
1120 2405 1287 2480 aliis
1326 2407 1581 2502 terris,
1632 2431 1733 2481 ex
1759 2407 2015 2481 Ponto
2046 2414 2459 2512 praecipue

280 2508 360 2583 et
404 2510 514 2580 Ae
623 2507 793 2605 pto,
864 2502 1003 2579 sed
1067 2508 1289 2580 etiam
1356 2531 1400 2579 e
1453 2504 1727 2602 Syria,
1814 2503 2117 2600 Sicilia,
2197 2505 2493 2584 Africa‘

283 2605 557 2703 oporte
616 2604 696 2676 at
720 2603 816 2701 2).
864 2601 984 2675 Ea
1008 2606 1229 2704 copia
1258 2599 1999 2704 quominusdeesset,
2028 2605 2329 2680 cautum
2345 2604 2461 2681 le-

277 2698 509 2801 gibus
537 2700 725 2792 erat‚
774 2702 1091 2800 primum
1132 2724 1230 2775 ne
1271 2703 1438 2800 quis
1472 2703 1656 2775 civis
1677 2700 1972 2774 Atticus
1998 2707 2133 2776 aut
2157 2701 2460 2804 inquili-

280 2825 426 2873 nus
469 2795 620 2871 alio
665 2821 886 2897 quam
925 2794 1259 2872 Athenas
1301 2795 1756 2872 frumentum
1790 2795 2100 2892 veheret
2124 2801 2218 2896 3),
2266 2826 2458 2878 neve

281 2898 676 2998 quisquam
740 2898 1144 2968 mercatori
1202 2898 1594 2992 pecuniam
1661 2893 1910 2970 fenori
1972 2893 2232 2992 daret,
2306 2901 2459 2974 nisi

279 3019 374 3067 ea
436 2989 881 3066 condicione
939 2999 1025 3064 ut
1072 2988 1523 3067 frumentum
1571 2990 1703 3067 illa
1747 2994 2072 3092 pecunia
2126 3002 2456 3095 emptum

274 3093 612 3165 Athenas
659 3089 1104 3187 portaretur
1126 3087 1242 3183 ⁴)=
1310 3087 1482 3176 dein
1531 3091 1620 3164 ut
1666 3091 2056 3188 peregrini
2172 3117 2452 3193 noque,

275 3192 709 3289 quicunque
791 3210 1061 3259 navem
1121 3183 1498 3262 frumento
1565 3194 1913 3260 onustam
1988 3190 2068 3259 in
2194 3191 2454 3264 tticam

274 3283 773 3384 appulissent,
822 3285 1182 3358 maiorem
1233 3287 1509 3359 mercis
1559 3291 1879 3382 partem,
1927 3306 2175 3386 neque
2198 3291 2446 3364 minus

276 3377 529 3473 hesse,
592 3379 908 3456 Athenis
956 3401 1236 3455 'venum
1299 3384 1777 3482 exponerent
1802 3381 1909 3480 5)=
1975 3379 2301 3486 denique
2349 3410 2454 3462 ne

271 3552 612 3607 mercenarii
657 3555 835 3605 erant.
902 3549 1044 3604 vid.
1098 3553 1261 3606 Dem.
1305 3551 1453 3609 Phil.
1508 3553 1541 3609 1
1586 3571 1645 3624 Ρ.
1691 3546 1781 3618 464
1826 3553 1915 3607 25.
1964 3551 2036 3606 de
2073 3552 2355 3610 Chen-son.
2393 3569 2451 3623 Ρ.

269 3625 362 3680 95.
413 3625 591 3677 Isocr.
643 3621 714 3676 de
762 3640 905 3695 pace
942 3641 994 3678 c.
1032 3623 1118 3678 14.
1190 3623 1282 3680 Cf.
1321 3622 1524 3678 scholl.
1563 3631 1623 3678 et
1653 3626 1785 3678 intt.
1824 3624 1895 3678 ad
1929 3625 2219 3698 Aristoph.
2290 3627 2446 3684 Plut.

271 3714 332 3751 v.
370 3696 494 3750 173.
566 3696 878 3764 Bergman.
920 3694 995 3749 ad
1027 3696 1206 3751 Isocr-
1241 3698 1460 3768 Areop.
1494 3716 1553 3770 Ρ.
1589 3695 1680 3752 84.
1748 3698 2067 3752 Drumann.
2099 3717 2156 3768 p·
2192 3697 2300 3754 644
2320 3717 2445 3772 sqq.

260 3880 264 3884 Δ
408 3798 473 3870 l)
512 3801 603 3856 Cf.
636 3799 910 3874 Xenoph.
948 3801 1021 3857 de
1059 3820 1125 3857 re
1157 3802 1317 3876 publ.
1351 3802 1491 3859 Ath.
1531 3822 1581 3858 ο.
1606 3804 1659 3860 1.
1827 3858 1834 3863 .

412 3906 472 3974 2)
509 3907 648 3962 Vid-
682 3907 944 3964 Boeckh.
987 3908 1060 3964 de
1095 3929 1219 3965 occ.
1258 3930 1305 3965 r.
1342 3930 1399 3982 Ρ.
1436 3912 1507 3964 Α.
1545 3911 1575 3964 1
1608 3930 1665 3983 Ρ.
1701 3907 1933 3965 85-88.

406 4010 479 4102 3).
510 4015 811 4071 Demosth.
857 4020 920 4073 in
956 4016 1191 4072 Phorm.
1234 4039 1290 4091 Ρ.
1328 4017 1452 4086 918,
1499 4018 1556 4072 4.
1594 4016 1656 4091 in
1692 4014 1902 4070 Lacr-it.
1934 4033 1995 4139 g.
2033 4015 2158 4079 941¹,
2196 4016 2249 4074 4.
2326 4019 2442 4091 lay·

267 4103 424 4157 cur-g.
457 4105 521 4139 m
555 4086 756 4143 Leocr.
792 4108 848 4162 Ρ.
890 4090 1012 4144 157.
1085 4091 1257 4147 Petit.
1295 4089 1474 4165 Legg.
1511 4091 1633 4143 Att.
1669 4108 1727 4162 p.
1763 4087 1889 4142 513.
1925 4167 1930 4172 .
1990 4087 2192 4142 oeckh.
2219 4089 2249 4143 1
2272 4111 2329 4163 p.
2350 4091 2441 4147 93.

400 4190 464 4262 4)
504 4193 803 4249 Demosth.
836 4197 900 4249 in
935 4196 1101 4251 Lacr.
1138 4217 1195 4270 Ρ.
1233 4195 1358 4265 941,
1393 4197 1431 4252 4
1468 4204 1528 4251 et
1560 4195 1780 4252 nuzo.
1847 4193 2106 4249 Boeokh.
2144 4216 2202 4268 Ρ.
2239 4197 2327 4252 60.

397 4300 460 4367 5)
496 4304 737 4357 Aristot-
775 4320 864 4375 ap.
896 4302 1179 4376 Harpoer.
1218 4320 1265 4357 s.
1303 4320 1358 4357 v.
1393 4297 1680 4376 ἑπιμελητῆς
1707 4301 1964 4378 ἐμπορίου.
2012 4302 2153 4360 Iaex.
2190 4303 2435 4374 Seguer.

257 4391 313 4445 Ρ.
349 4374 478 4429 255.
548 4371 811 4429 Boeckh.
843 4393 901 4447 Ρ.
940 4375 1027 4432 89.
1551 4408 1566 4415 =
2143 4406 2146 4407 ⁷
