3067 4975
746 397 751 406 =
860 360 937 434 9.
983 358 1107 435 De
1132 352 1475 454 foedere
1514 354 1876 431 Achaico.
1925 402 1937 416 -
2181 455 2186 461 ἡ
2306 350 2452 428 441

735 601 806 693 9,
867 594 1009 670 De
1067 588 1468 668 foedere
1527 584 1976 662 Achaico.

1116 771 1182 855 §.
1228 756 1600 835 XXXVI.

478 896 955 972 Achaeorum
1005 889 1406 967 duodecim
1456 889 1805 966 civitates
1833 889 1898 984 ¹)
1947 886 2123 965 inde
2172 887 2272 972 ah
2322 916 2457 966 an..

287 997 723 1098 tiquissimis
770 987 1242 1091 temporibus
1296 1013 1540 1108 aequo
1588 989 1789 1062 inter
1838 1012 1922 1063 se
1955 984 2265 1063 foedere
2287 991 2459 1063 iun-

286 1097 446 1170 ctae
472 1094 565 1192 2),
614 1091 1008 1192 formaque
1059 1090 1172 1162 rei
1220 1082 1571 1184 publicae
1620 1082 1884 1160 eadem
1937 1110 2197 1160 omnes
2241 1111 2455 1181 usae,

284 1195 479 1265 inter
541 1187 789 1290 plebis
863 1182 1318 1287 potestatem
1385 1183 1984 1327 optimorumque
2046 1184 2460 1264 auctorita-

282 1291 431 1363 tem
502 1284 929 1387 prudenter
994 1280 1419 1384 temperata
1521 1329 1546 1371 ,
1630 1304 1774 1376 per
1845 1277 2083 1352 multa
2151 1278 2459 1354 saecula

286 1388 583 1486 quietae
629 1382 1106 1482 pacataeque
1169 1384 1247 1451 et
1312 1373 1635 1449 aliorum
1686 1374 2221 1449 certaminibus
2267 1401 2462 1449 nun-

283 1506 503 1581 quam
532 1511 539 1517 ¹
571 1482 706 1554 aut
769 1501 951 1550 raro
1018 1476 1440 1565 immixtae,
1508 1473 1577 1546 si
1631 1495 1790 1545 non
1854 1497 2022 1546 cum
2079 1470 2337 1573 gloria
2385 1473 2464 1549 et

284 1573 717 1677 splendore,
767 1586 847 1648 at
892 1595 1268 1670 prospere
1317 1575 1570 1643 tamen
1632 1590 1724 1641 ac
1784 1593 2055 1644 secure
2110 1572 2465 1646 vixerant

280 1698 520 1773 usque
571 1667 669 1745 ad
717 1666 1218 1743 Macedonica
1265 1673 1613 1764 tempora
1632 1658 1730 1761 ⁴).
1815 1664 2038 1739 Tunc
2088 1669 2309 1761 enim,
2361 1670 2464 1741 si-

289 1774 415 1842 cut
466 1767 808 1869 reliquae
860 1767 1230 1840 Graeciae
1279 1766 1526 1837 status
1576 1758 1827 1835 multis
1871 1760 2118 1838 modis
2151 1789 2468 1838 concus-

285 1891 420 1942 sus
473 1868 552 1939 et
600 1858 1112 1963 perturbatae,
1163 1864 1273 1934 ita
1323 1862 1546 1934 etiam
1589 1857 2064 1933 Achaeorum
2111 1862 2468 1962 vetustis-

286 1967 476 2036 sima
536 1956 1018 2046 coniunctio·¹
1048 1955 1419 2034 dissoluta
1479 1956 1636 2047 est,
1713 1956 2206 2059 civitatesque
2274 1957 2466 2047 aliae

282 2055 790 2134 Macedonum
839 2053 1245 2155 praesidiis
1317 2079 1502 2127 occu
1565 2053 1772 2144 atae,
1845 2051 2042 2129 aliae
2101 2058 2468 2157 tyranno:-

284 2182 451 2230 rum
478 2154 969 2228 dominationi
1007 2150 1434 2244 subiectae,
1540 2175 1734 2224 onec
1782 2153 1959 2224 circ.
1990 2152 2089 2233 ol.
2120 2152 2469 2250 CXXIV,

287 2251 463 2328 dum
491 2250 995 2328 Macedoniae
1024 2251 1224 2323 vires
1274 2247 1707 2323 domesticis
1759 2250 2294 2326 certaminibus
2320 2249 2470 2326 dis·-

286 2352 661 2440 ti'nentur,
731 2353 1090 2449 quattuor
1151 2344 1626 2421 Achaeorum
1671 2340 1927 2436 urbes,
1976 2348 2048 2419 Ι)
2107 2373 2259 2442 me,
2320 2349 2467 2422 Pa·

287 2450 500 2542 trae,
577 2446 937 2539 Trita‘ea,
1011 2442 1355 2539 Pharae,
1425 2443 1831 2517 occasione
1878 2469 2024 2542 pru
2081 2453 2295 2521 enter
2345 2471 2467 2523 ar-

285 2548 533 2643 repta,
580 2540 855 2621 foedus
900 2542 1101 2616 inter
1148 2569 1234 2617 se
1262 2548 1745 2631 renovarunt,
1797 2544 1917 2615 cui
1943 2547 2271 2644 quinque
2292 2548 2473 2644 post

286 2646 505 2731 annis
571 2645 794 2715 etiam
843 2642 1303 2737 Aegienses,
1366 2638 1612 2714 eiecto
1679 2637 2182 2717 Macedonum
2302 2669 2470 2716 rae-

270 2735 512 2833 ⁸sidio,
561 2741 797 2833 Burii,
851 2735 1175 2837 expulso
1236 2738 1609 2833 tyranno,
1677 2737 2183 2836 Ceryneuses,
2236 2668 2469 2839 {epm

285 2838 437 2912 sita
487 2833 584 2910 ah
637 2837 812 2909 Isea
860 2830 1283 2934 tyrannide,
1331 2837 1655 2932 itemque
1706 2836 2007 2910 ceterae
2060 2862 2252 2935 quae
2291 2841 2472 2913 tunc

289 2942 510 3006 eraut
560 2937 638 3006 in
684 2930 971 3007 Achaia
1022 2935 1367 3007 civitates
1415 2956 1502 3007 se
1553 2928 2063 3007 adiunxerant
2088 2933 2183 3033 ⁵).

443 3135 509 3208 1)
548 3140 770 3192 Harum
815 3141 1053 3194 nomina
1095 3139 1251 3212 apud
1298 3139 1583 3195 Herodot·
1616 3140 1679 3207 1,
1736 3139 1843 3195 145
1898 3143 2174 3211 leguntur
2230 3142 2476 3205 haeooez

287 3212 541 3278 Πελλήνη,
573 3213 811 3285 Αἴγειρα,
847 3212 1027 3283 Αἶγαί,
1062 3211 1256 3285 Βοῦρα,
1289 3212 1477 3279 Ἑλίκη,
1513 3213 1726 3284 Αἴγιον,
1755 3210 1957 3278 Ῥύπες,
1977 3219 2222 3288 Πατρέες,
2259 3221 2478 3291 Φαρέες,

275 3279 510 3347 Ὤλενος,
545 3283 708 3354 Δύμη,
748 3288 1017 3356 Τριταιέες.
1087 3284 1312 3338 Eadem
1346 3283 1562 3338 Strabo
1599 3283 1776 3337 hahet
1808 3285 1974 3355 Vm,
2013 3287 2045 3342 7
2077 3309 2138 3358 p.
2176 3288 2302 3344 385.
2329 3290 2477 3357 5386,

296 3362 356 3406 et
400 3373 572 3406 unam
621 3373 908 3427 quamque
957 3353 1183 3409 harum“
1211 3359 1508 3411 civitatum
1545 3360 1773 3428 ,septem
1824 3356 1921 3409 vel
1968 3363 2104 3412 octo
2144 3378 2330 3432 pagos
2365 3361 2477 3437 ,ha-

293 3424 493 3478 huisse
529 3426 704 3481 addit.
777 3430 877 3483 De·
906 3426 1121 3498 Polyb.
1157 3429 1234 3498 11,
1269 3429 1358 3494 41,
1394 3427 1434 3484 8
1470 3427 1591 3482 vid.
1625 3426 1756 3481 infr.
1792 3436 1918 3484 not.
1954 3429 2009 3493 6.

447 3529 512 3602 2)
550 3533 759 3604 Polyb.
796 3534 872 3604 11,
909 3534 1000 3598 41,
1034 3535 1089 3592 5.
1128 3534 1182 3590 6.

394 3678 404 3683 -
443 3635 511 3708 3)
552 3639 640 3692 111.
677 3640 755 3709 11,
789 3640 878 3708 38,
914 3639 965 3696 6.
1039 3637 1237 3697 Strah.
1280 3640 1322 3696 l.
1365 3644 1410 3698 l.
1457 3663 1513 3716 p.
1553 3643 1679 3699 384.
1754 3643 2024 3719 Xenoph·
2067 3644 2301 3702 Hellen.
2337 3648 2478 3715 vn,

299 3711 354 3780 1,
391 3711 483 3765 43.
520 3711 611 3765 44.
644 3712 735 3767 45.
806 3712 960 3769 Add.
998 3714 1191 3784 Heyn.
1230 3731 1463 3786 opusne.
1499 3717 1561 3771 11
1594 3712 1794 3789 1»..181
1830 3737 1918 3790 sq.

447 3812 515 3885 4)
554 3818 647 3871 De
693 3822 850 3874 omni
894 3819 1262 3875 Achaeorum
1324 3821 1567 3877 historia
1615 3823 1735 3876 vid.
1786 3826 2028 3896 imprim.
2072 3824 2143 3878 Ε.
2186 3824 2480 3898 Helu-ing,

302 3886 654 3943 Geschichte
693 3888 794 3943 des
820 3889 1218 3949 Achaeischen
1257 3894 1511 3948 Bumles.
1568 3895 1860 3962 Lamgow·
1895 3896 2055 3951 1829.
2092 3896 2143 3951 8.
2214 3900 2286 3951 Α.
2321 3902 2478 3955 Mat-

297 3957 461 4012 thiae
510 3962 571 4011 in
625 3960 829 4015 Ersch.
869 3969 927 4016 et
974 3964 1157 4018 (ἔπι-ιώ.
1193 3965 1510 4038 Eneyclop.
1547 3985 1594 4021 s.
1628 3985 1690 4021 v.
1726 3965 2115 4021 Achaeischer
2148 3970 2352 4038 numi,
2414 3981 2479 4027 et

295 4032 363 4083 in
403 4032 528 4084 eius
568 4050 794 4102 opusoc.
831 4034 1225 4102 (Vermischte
1259 4036 1569 4104 Schriften,
1604 4038 1703 4095 lat.
1737 4057 1795 4092 u.
1833 4038 2095 4093 «leutsch.
2131 4040 2477 4114 Altenhurg.

297 4101 465 4156 1833.
503 4100 570 4168 8)
608 4122 663 4175 p·
700 4106 1028 4163 239—258.
1100 4109 1169 4161 G.
1203 4109 1273 4161 F.
1307 4108 1632 4179 Merleker,
1680 4110 1754 4163 de
1796 4109 2062 4166 Achaicis
2104 4112 2280 4166 rehus
2328 4120 2478 4169 anti-

301 4174 609 4300 (1¹33),ssth
679 4177 1015 4247 Regimont.
1048 4177 1210 4236 1831.
1244 4179 1283 4236 8
1318 4185 1379 4235 et
1409 4179 1796 4238 Achaicum
1828 4181 1966 4238 libri
1999 4191 2118 4238 tres
2151 4186 2477 4241 Darmstad.

447 4347 510 4417 ὅ)
546 4349 731 4408 Erant
775 4361 914 4410 tuno
960 4356 1260 4413 undecim:
1318 4362 1560 4431 primum
1605 4369 1822 4432 septem
1866 4360 2037 4429 illae,
2084 4366 2320 4436 quarum
2368 4386 2475 4425 no-
