3067 4975
593 336 742 413 440
999 334 1131 412 VI.
1179 332 1302 408 Dc
1343 332 1730 412 institutis
1774 332 1974 409 iuris
2009 335 2386 430 genistam.

590 516 926 596 foederis
992 514 1488 613 magistratus
1553 513 2079 614 Strategus
2142 517 2349 611 erat,
2425 521 2555 618 qui
2615 545 2787 595 non

594 617 839 695 solum
890 615 1274 689 exercitus
1323 615 1717 711 imperium
1767 609 2125 706 habebat,
2174 614 2308 692 sed
2336 616 2558 689 etiam
2587 642 2782 692 eon-

593 715 784 789 ciliis
847 710 968 785 vel
1033 706 1450 783 minoribus
1526 709 1646 784 vel
1709 709 2124 785 maioribus
2185 719 2612 812 praeerat,
2641 740 2782 790 res

596 805 1138 902 consultandas
1171 804 1671 908 proponebat,
1702 809 1781 879 iu
1808 805 2255 907 suffragium
2291 808 2780 907 mittebam).

596 912 840 983 Huius
890 930 1166 990 nomen
1219 908 1444 978 etiam
1495 903 1774 978 tabulis
1878 901 2147 979 ublicis
2197 904 2297 981 ad
2347 910 2523 979 anui
2573 904 2783 983 desi-

591 1009 1031 1103 gnationem
1095 999 1810 1100 praescribebatur¹
1845 1006 1906 1094 ).
2017 1000 2340 1086 Additus
2405 1002 2783 1105 Stratego

593 1097 1192 1199 Hipparchus
1258 1108 1455 1190 erat,
1513 1104 1641 1201 qui
1706 1102 2066 1199 equitatui
2131 1108 2525 1198 praeesset
2570 1101 2784 1176 aliis·-

600 1225 747 1300 que
794 1202 874 1270 in
925 1198 1257 1292 negotiis
1303 1194 1511 1269 illum
1564 1195 1980 1271 adiuvaret.
2092 1199 2508 1271 Praeterea
2565 1225 2787 1291 γραμ-

596 1301 859 1386 ματεύς,
922 1295 1138 1392 quasi
1204 1291 1886 1367 cancellarium
1953 1292 2314 1389 dicasst).
2432 1295 2591 1381 Qui
2642 1319 2786 1366 au-

602 1398 754 1464 tem
841 1389 1042 1487 apud
1104 1386 1507 1487 Polybium
1590 1392 1668 1463 et
1730 1393 1805 1461 in
1887 1389 2207 1490 quadam
2284 1393 2789 1489 inscriptione

599 1492 1279 1560 commemorantur
1309 1492 1726 1578 νομογράφοι,
1776 1501 1999 1561 extra
2046 1486 2382 1562 ordinem
2436 1510 2789 1559 nonnun-

602 1609 828 1685 quam
878 1585 1119 1659 creati
1169 1607 1338 1658 esse
1390 1583 1739 1656 videntur
1767 1583 1883 1678 ¹⁵).
2316 1581 2328 1588 ’
2699 1592 2708 1596 ’

597 1858 736 1912 tolis
772 1857 1088 1913 obsidibus.
1162 1859 1470 1930 Hypatam,
1506 1857 1588 1914 id.
1624 1856 1895 1926 XXXVI,
1930 1857 2031 1921 26,
2074 1857 2135 1926 1,
2183 1858 2256 1912 de
2301 1857 2509 1926 legatis
2547 1856 2620 1910 ad
2656 1860 2788 1911 An-

593 1931 851 1984 tiochum
887 1929 1197 1983 mittendis,
1272 1928 1634 1993 Heracleam,
1670 1930 1795 1982 Liv.
1831 1927 2106 1992 XXVIII,
2142 1930 2194 1998 5,
2234 1930 2325 1997 13,
2360 1929 2431 1982 de
2466 1929 2621 1983 bello
2678 1929 2786 1982 ad-

593 2019 801 2054 versus
836 1999 1184 2071 Philippum.
1252 2001 1639 2069 Naupactum,
1672 2001 1882 2071 Polyb.
1929 2002 2008 2069 V,
2047 2000 2193 2063 103,·
2228 2002 2290 2068 2,
2341 2000 2413 2053 (le
2459 2019 2601 2072 pace
2650 2020 2788 2053 cnm

593 2072 843 2126 Achaeis
878 2071 1163 2126 facienda.
1223 2073 1624 2141 Naupactum,
1669 2072 1799 2128 Liv.
1838 2073 2052 2126 XXXI
2057 2111 2080 2138 ,
2127 2072 2339 2138 29,.8‚
2388 2070 2461 2124 de
2509 2071 2669 2125 hello
2715 2091 2793 2126 ao
2847 2121 2854 2128 .

486 2167 490 2172 ·
591 2162 754 2215 pace.
826 2144 1213 2214 Naupactum,
1249 2141 1376 2194 Liv.
1409 2143 1676 2209 XXXV,
1714 2146 1800 2211 12,
1836 2148 1898 2212 2,
1947 2143 2017 2196 <le
2057 2142 2213 2200 bello
2251 2144 2527 2197 adversus
2561 2146 2792 2198 Roma-

592 2232 718 2270 nos.
789 2214 1061 2267 Lamiam.
1095 2214 1226 2267 Liv.
1261 2213 1526 2283 XXXV,
1566 2214 1616 2283 9,
1657 2215 1728 2276 de
1767 2216 1964 2269 eadem
2002 2233 2087 2268 re.
2397 2251 2400 2254 «

740 2340 833 2404 12)
873 2340 901 2389 1
941 2341 1021 2405 si,
1061 2358 1235 2412 quum
1275 2338 1346 2392 de
1381 2337 1539 2392 bello
1579 2338 1989 2401 consuluisset,
2036 2337 2379 2394 sententiam
2427 2339 2616 2392 dicere
2666 2356 2794 2392 non

589 2407 824 2463 licuisse
863 2407 908 2462 P
954 2409 1282 2482 ilopoemen
1321 2412 1401 2463 ait
1438 2410 1590 2480 apud
1627 2410 1752 2464 Liv.
1789 2412 2053 2475 XXXV,
2093 2413 2180 2478 25,
2227 2414 2289 2477 7,
2342 2430 2530 2481 neque
2581 2410 2794 2466 adver-

596 2492 757 2534 satur
797 2480 944 2535 alter
978 2482 1160 2550 locus,
1197 2481 1419 2551 XXXI,
1457 2485 1547 2549 32,
1596 2482 1696 2535 nbi
1732 2490 2017 2552 strategus
2054 2482 2200 2537 nihil
2247 2485 2359 2537 nisi
2410 2482 2796 2537 differendam

599 2552 1082 2625 consultationem
1124 2555 1195 2608 (le
1233 2553 1390 2607 hello
1431 2555 1652 2608 suadet.
1729 2557 1868 2607 Non
1908 2560 2032 2608 erat
2066 2558 2271 2624 igitur,
2323 2555 2480 2626 quod
2515 2554 2796 2608 nonnulli

598 2626 1003 2693 corrigendum
1039 2626 1207 2681 illum
1244 2626 1447 2680 locum·
1476 2634 1536 2678 et
1573 2645 1676 2697 pro
1714 2625 1941 2679 Aetolis
1960 2624 2232 2680 Achaeos
2255 2626 2620 2699 reponendos
2659 2644 2796 2682 mse

607 2705 932 2750 censerent.

741 2818 841 2891 13)
876 2821 1020 2876 vid.
1058 2823 1231 2895 Coi-p.
1268 2823 1450 2874 Inscr.
1486 2838 1585 2873 no.
1623 2821 1767 2874 3046
1814 2828 1872 2874 et
1907 2819 2167 2876 Boeckh.
2201 2821 2284 2877 ih.
2322 2827 2460 2876 tom.
2499 2823 2529 2875 1
2565 2841 2620 2893 p.
2659 2822 2824 2885 823.-

740 2943 837 3011 14)
879 2948 1026 3001 Tres
1073 2945 1184 2998 hos
1234 2948 1631 3014 magistratus,
1691 2951 2042 3017 praetorem,
2105 2944 2457 3015 praefectum
2514 2949 2791 3019 equitum,

600 3018 843 3072 scribam
878 3018 1529 3088 publicum,-ecniuugit
1565 3016 1692 3070 Liv.
1733 3016 2184 3084 xxxvl11‚-10‚
2225 3020 2255 3073 7
2296 3025 2353 3072 et
2369 3017 2793 3090 Polyhxxll,

603 3092 690 3157 15,
733 3091 817 3145 10.
891 3089 981 3144 Cf·
1023 3091 1342 3143 Tittmann.
1379 3109 1435 3160 p.
1477 3088 1601 3141 727.

747 3211 841 3279 15)
878 3214 1087 3284 Polyb.
1125 3212 1288 3280 xm,
1327 3213 1376 3265 l.
1452 3212 1624 3283 Cot-p.
1669 3215 1843 3264 Inscr.
1882 3231 1979 3265 no.
2018 3213 2162 3269 3046
2212 3231 2337 3266 cum
2391 3211 2650 3269 Boeckh.
2688 3213 2793 3266 acl-

602 3291 726 3336 not.
769 3292 901 3339 tom,
945 3289 1011 3340 ,Π
1058 3307 1112 3359 p.
1153 3287 1260 3339 633
1312 3288 1456 3336 extr.
1506 3310 1579 3321 —
1628 3287 2161 3339 Commemorantur
2207 3291 2505 3356 praeterea
2546 3284 2797 3359 πρόεδρος

527 3416 534 3431 ι
602 3355 702 3408 τῶν
733 3359 971 3410 Αἰτωλῶν
1007 3377 1095 3429 ap.
1135 3358 1381 3427 Appian.
1416 3355 1646 3407 Maced.
1685 3363 1821 3408 tom.
1864 3359 1887 3407 1
1924 3369 1979 3420 p.
2019 3358 2126 3411 513
2163 3355 2489 3424 Schweigh.
2539 3363 2598 3409 et
2643 3356 2792 3410 σύνε-

608 3426 720 3499 δροι
757 3432 815 3480 in
853 3431 1134 3500 inscriptt.
1175 3447 1269 3481 no.
1306 3429 1469 3481 2350.
1510 3428 1667 3480 2352.
1705 3427 1866 3481 3046.
1915 3428 2036 3479 Sed
2070 3428 2315 3501 πὸεδρος
2345 3428 2464 3493 ille,
2503 3423 2796 3496 (Alexan-

609 3498 713 3551 der
752 3502 901 3552 Isius
942 3501 1012 3553 de
1050 3519 1164 3571 quo
1201 3499 1323 3552 vid.
1358 3498 1571 3568 Polyb.
1606 3500 1802 3552 XVII.
1839 3500 1892 3564 3,
1931 3499 1982 3551 l.
2018 3501 2075 3552 X
2145 3501 2246 3565 111,
2285 3500 2375 3564 19,
2408 3496 2493 3568 5.)
2541 3500 2793 3552 fortasse

608 3570 752 3624 nihil
790 3571 949 3624 aliud
982 3575 1092 3625 nisi
1129 3574 1394 3643 princeps
1429 3569 1738 3638 legationis
1774 3577 1893 3635 θοις
1930 3571 2162 3643 σύνεδροι
2198 3577 2406 3636 autem,
2444 3573 2543 3643 qui
2577 3571 2791 3624 foedus

612 3660 739 3694 cum
785 3643 942 3696 Ceiis
983 3649 1042 3695 et
1077 3644 1237 3697 Tciis
1278 3643 1635 3706 confirmant,
1673 3660 1745 3701 ac,
1779 3641 1849 3692 de
1887 3645 2111 3695 iniuriis
2151 3650 2355 3695 contra
2388 3642 2595 3695 foedus
2632 3661 2793 3696 com-

610 3716 798 3766 missis
837 3715 1109 3783 iudicang
1149 3732 1224 3766 an
1264 3720 1321 3766 et
1356 3732 1469 3784 qua
1504 3715 1731 3765 ratione
1769 3713 1839 3765 ab
1863 3713 2139 3783 apocletis
2166 3715 2377 3768 diversi
2405 3713 2634 3783 fuerint,
2671 3714 2792 3767 dis-

613 3788 771 3837 cerni
810 3804 930 3837 non
1007 3792 1174 3839 otest.
1212 3812 1284 3823 —
1355 3787 1446 3843 De
1495 3785 1877 3856 polemarchis
1925 3786 2282 3854 singularum
2328 3787 2620 3841 civitatum
2667 3786 2790 3847 vid.

577 3853 580 3857 ’
615 3875 772 3930 quae
805 3806 1068 3913 Boecih.
1105 3863 1318 3912 monet·
1342 3859 1512 3929 Oorp.
1545 3858 1731 3911 Inscr.
1765 3859 1798 3911 1
1831 3876 1889 3929 p·
1924 3857 2050 3912 823.
