<?xml version="1.0" encoding="UTF-8"?>
<!DOCTYPE html PUBLIC "-//W3C//DTD XHTML 1.0 Transitional//EN"
    "http://www.w3.org/TR/xhtml1/DTD/xhtml1-transitional.dtd">
<html xmlns="http://www.w3.org/1999/xhtml" xml:lang="en" lang="en">
 <head>
  <title>
</title>
<meta http-equiv="Content-Type" content="text/html;charset=utf-8" />
  <meta name='ocr-system' content='tesseract 3.04.00' />
  <meta name='ocr-capabilities' content='ocr_page ocr_carea ocr_par ocr_line ocrx_word'/>
</head>
<body>
  <div class='ocr_page' id='page_1' title='image "antiquitatesiur00schgoog_0345.png"; bbox 0 0 3067 4975; ppageno 0'>
   <div class='ocr_carea' id='block_1_1' title="bbox 803 355 2459 458">
    <p class='ocr_par' dir='ltr' id='par_1_1' title="bbox 803 355 2459 458">
     <span class='ocr_line' id='line_1_1' title="bbox 803 355 2459 458; baseline -0.002 -23"><span class='ocrx_word' id='word_1_1' title='bbox 803 360 879 435; x_wconf 85' lang='lat'><strong>8.</strong></span> <span class='ocrx_word' id='word_1_2' title='bbox 929 360 1051 434; x_wconf 79' lang='lat' dir='ltr'><strong>De</strong></span> <span class='ocrx_word' id='word_1_3' title='bbox 1098 357 1506 458; x_wconf 73' lang='lat' dir='ltr'><em>disciplina</em></span> <span class='ocrx_word' id='word_1_4' title='bbox 1542 356 1887 458; x_wconf 76' lang='lat' dir='ltr'><strong>publica.</strong></span> <span class='ocrx_word' id='word_1_5' title='bbox 2310 355 2459 432; x_wconf 79' lang='lat'><strong>335</strong></span> 
     </span>
    </p>
   </div>
   <div class='ocr_carea' id='block_1_2' title="bbox 227 534 2503 2772">
    <p class='ocr_par' dir='ltr' id='par_1_2' title="bbox 227 534 2463 658">
     <span class='ocr_line' id='line_1_2' title="bbox 227 534 2463 658; baseline -0.007 -33"><span class='ocrx_word' id='word_1_6' title='bbox 227 534 236 546; x_wconf 49' lang='lat'><em>⁶</em></span> <span class='ocrx_word' id='word_1_7' title='bbox 290 545 541 626; x_wconf 86' lang='lat' dir='ltr'><strong>studia</strong></span> <span class='ocrx_word' id='word_1_8' title='bbox 579 536 1198 643; x_wconf 72' lang='lat' dir='ltr'><strong>prudentioribus</strong></span> <span class='ocrx_word' id='word_1_9' title='bbox 1221 535 1851 638; x_wconf 65' lang='lat' dir='ltr'><strong>improbabuntur</strong></span> <span class='ocrx_word' id='word_1_10' title='bbox 1874 539 1972 633; x_wconf 81' lang='grc'><strong>3),</strong></span> <span class='ocrx_word' id='word_1_11' title='bbox 2019 559 2215 658; x_wconf 64' lang='lat' dir='ltr'><strong>quae</strong></span> <span class='ocrx_word' id='word_1_12' title='bbox 2239 565 2463 641; x_wconf 85' lang='lat' dir='ltr'><strong>quum</strong></span> 
     </span>
    </p>

    <p class='ocr_par' dir='ltr' id='par_1_3' title="bbox 289 634 2503 2772">
     <span class='ocr_line' id='line_1_3' title="bbox 289 634 2465 737; baseline -0.004 -16"><span class='ocrx_word' id='word_1_13' title='bbox 289 648 458 721; x_wconf 86' lang='lat' dir='ltr'><strong>tota</strong></span> <span class='ocrx_word' id='word_1_14' title='bbox 522 643 780 715; x_wconf 85' lang='lat' dir='ltr'><strong>essent</strong></span> <span class='ocrx_word' id='word_1_15' title='bbox 843 642 921 712; x_wconf 89' lang='lat' dir='ltr'><strong>in</strong></span> <span class='ocrx_word' id='word_1_16' title='bbox 979 634 1265 711; x_wconf 85' lang='lat' dir='ltr'><strong>viribus</strong></span> <span class='ocrx_word' id='word_1_17' title='bbox 1330 637 1680 735; x_wconf 89' lang='lat' dir='ltr'><strong>corporis</strong></span> <span class='ocrx_word' id='word_1_18' title='bbox 1730 642 1808 709; x_wconf 90' lang='lat' dir='ltr'><strong>et</strong></span> <span class='ocrx_word' id='word_1_19' title='bbox 1853 661 1950 710; x_wconf 88' lang='lat' dir='ltr'><strong>ne</strong></span> <span class='ocrx_word' id='word_1_20' title='bbox 2001 635 2120 711; x_wconf 85' lang='lat' dir='ltr'><strong>lus</strong></span> <span class='ocrx_word' id='word_1_21' title='bbox 2170 638 2465 737; x_wconf 88' lang='lat' dir='ltr'><strong>quidem</strong></span> 
     </span>
     <span class='ocr_line' id='line_1_4' title="bbox 290 732 2467 836; baseline -0.004 -20"><span class='ocrx_word' id='word_1_22' title='bbox 290 736 644 816; x_wconf 86' lang='lat' dir='ltr'><strong>omuibus</strong></span> <span class='ocrx_word' id='word_1_23' title='bbox 694 734 1191 836; x_wconf 80' lang='lat' dir='ltr'><strong>aequabiliter</strong></span> <span class='ocrx_word' id='word_1_24' title='bbox 1214 733 1609 831; x_wconf 69' lang='lat' dir='ltr'><strong>augendis9</strong></span> <span class='ocrx_word' id='word_1_25' title='bbox 1660 736 2018 833; x_wconf 77' lang='lat' dir='ltr'><strong>exiguam</strong></span> <span class='ocrx_word' id='word_1_26' title='bbox 2067 732 2467 809; x_wconf 89' lang='lat' dir='ltr'><strong>salubrita-</strong></span> 
     </span>
     <span class='ocr_line' id='line_1_5' title="bbox 290 827 2469 922; baseline -0.003 -9"><span class='ocrx_word' id='word_1_27' title='bbox 290 844 392 914; x_wconf 85' lang='lat' dir='ltr'><strong>tis</strong></span> <span class='ocrx_word' id='word_1_28' title='bbox 442 842 571 909; x_wconf 85' lang='lat' dir='ltr'><strong>aut</strong></span> <span class='ocrx_word' id='word_1_29' title='bbox 621 833 922 909; x_wconf 86' lang='lat' dir='ltr'><strong>decoris</strong></span> <span class='ocrx_word' id='word_1_30' title='bbox 972 833 1355 905; x_wconf 87' lang='lat' dir='ltr'><strong>rationem.</strong></span> <span class='ocrx_word' id='word_1_31' title='bbox 1396 827 1802 922; x_wconf 82' lang='lat' dir='ltr'><strong>habebant,</strong></span> <span class='ocrx_word' id='word_1_32' title='bbox 1881 832 2174 905; x_wconf 87' lang='lat' dir='ltr'><strong>animos</strong></span> <span class='ocrx_word' id='word_1_33' title='bbox 2223 841 2469 907; x_wconf 86' lang='lat' dir='ltr'><strong>autem</strong></span> 
     </span>
     <span class='ocr_line' id='line_1_6' title="bbox 293 923 2470 1028; baseline -0.003 -19"><span class='ocrx_word' id='word_1_34' title='bbox 293 938 527 1009; x_wconf 87' lang='lat' dir='ltr'><strong>nimia</strong></span> <span class='ocrx_word' id='word_1_35' title='bbox 599 933 977 1028; x_wconf 85' lang='lat' dir='ltr'><strong>corporis·</strong></span> <span class='ocrx_word' id='word_1_36' title='bbox 1026 953 1208 1001; x_wconf 93' lang='lat' dir='ltr'><strong>cura</strong></span> <span class='ocrx_word' id='word_1_37' title='bbox 1283 932 1414 1002; x_wconf 89' lang='lat' dir='ltr'><strong>aut</strong></span> <span class='ocrx_word' id='word_1_38' title='bbox 1490 923 1916 1001; x_wconf 74' lang='lat' dir='ltr'><strong>obruebant</strong></span> <span class='ocrx_word' id='word_1_39' title='bbox 1991 933 2154 1000; x_wconf 86' lang='lat' dir='ltr'><strong>aut·</strong></span> <span class='ocrx_word' id='word_1_40' title='bbox 2198 927 2470 1003; x_wconf 83' lang='lat' dir='ltr'><strong>effera-</strong></span> 
     </span>
     <span class='ocr_line' id='line_1_7' title="bbox 296 1021 2471 1127; baseline -0.003 -21"><span class='ocrx_word' id='word_1_41' title='bbox 296 1031 488 1107; x_wconf 81' lang='lat' dir='ltr'><strong>bant</strong></span> <span class='ocrx_word' id='word_1_42' title='bbox 508 1027 606 1127; x_wconf 71' lang='lat'><strong>⁴).</strong></span> <span class='ocrx_word' id='word_1_43' title='bbox 707 1028 1002 1100; x_wconf 81' lang='lat' dir='ltr'><strong>Contra</strong></span> <span class='ocrx_word' id='word_1_44' title='bbox 1068 1025 1255 1101; x_wconf 88' lang='lat' dir='ltr'><strong>haec</strong></span> <span class='ocrx_word' id='word_1_45' title='bbox 1319 1048 1508 1097; x_wconf 89' lang='lat' dir='ltr'><strong>sana</strong></span> <span class='ocrx_word' id='word_1_46' title='bbox 1553 1021 1982 1123; x_wconf 69' lang='lat' dir='ltr'><strong>discipli-na</strong></span> <span class='ocrx_word' id='word_1_47' title='bbox 2028 1029 2471 1125; x_wconf 73' lang='lat' dir='ltr'><strong>gymnasio-</strong></span> 
     </span>
     <span class='ocr_line' id='line_1_8' title="bbox 299 1119 2474 1219; baseline -0.004 -14"><span class='ocrx_word' id='word_1_48' title='bbox 299 1154 466 1205; x_wconf 89' lang='lat' dir='ltr'><strong>rum</strong></span> <span class='ocrx_word' id='word_1_49' title='bbox 546 1150 712 1199; x_wconf 92' lang='lat' dir='ltr'><strong>cum</strong></span> <span class='ocrx_word' id='word_1_50' title='bbox 787 1119 1214 1197; x_wconf 84' lang='lat' dir='ltr'><strong>valetudine</strong></span> <span class='ocrx_word' id='word_1_51' title='bbox 1276 1123 1356 1195; x_wconf 90' lang='lat' dir='ltr'><strong>et</strong></span> <span class='ocrx_word' id='word_1_52' title='bbox 1415 1123 1683 1218; x_wconf 83' lang='lat' dir='ltr'><strong>vigore</strong></span> <span class='ocrx_word' id='word_1_53' title='bbox 1764 1146 2169 1219; x_wconf 87' lang='lat' dir='ltr'><strong>corporum</strong></span> <span class='ocrx_word' id='word_1_54' title='bbox 2250 1125 2474 1196; x_wconf 87' lang='lat' dir='ltr'><strong>etiam</strong></span> 
     </span>
     <span class='ocr_line' id='line_1_9' title="bbox 300 1214 2476 1319; baseline -0.005 -18"><span class='ocrx_word' id='word_1_55' title='bbox 300 1227 567 1301; x_wconf 89' lang='lat' dir='ltr'><strong>animis</strong></span> <span class='ocrx_word' id='word_1_56' title='bbox 615 1224 905 1319; x_wconf 78' lang='lat' dir='ltr'><strong>vig-oris</strong></span> <span class='ocrx_word' id='word_1_57' title='bbox 958 1215 1236 1318; x_wconf 84' lang='lat' dir='ltr'><strong>aliquid</strong></span> <span class='ocrx_word' id='word_1_58' title='bbox 1286 1219 1364 1291; x_wconf 92' lang='lat' dir='ltr'><strong>et</strong></span> <span class='ocrx_word' id='word_1_59' title='bbox 1410 1216 1821 1290; x_wconf 71' lang='lat' dir='ltr'><strong>alacritatis</strong></span> <span class='ocrx_word' id='word_1_60' title='bbox 1870 1214 2222 1294; x_wconf 83' lang='lat' dir='ltr'><strong>additura</strong></span> <span class='ocrx_word' id='word_1_61' title='bbox 2279 1218 2476 1293; x_wconf 88' lang='lat' dir='ltr'><strong>iudi-</strong></span> 
     </span>
     <span class='ocr_line' id='line_1_10' title="bbox 302 1311 2479 1490; baseline -0.004 -92"><span class='ocrx_word' id='word_1_62' title='bbox 302 1322 620 1399; x_wconf 87' lang='lat' dir='ltr'><strong>cabatur</strong></span> <span class='ocrx_word' id='word_1_63' title='bbox 646 1319 753 1490; x_wconf 63' lang='grc' dir='ltr'><strong>ἲ,</strong></span> <span class='ocrx_word' id='word_1_64' title='bbox 801 1316 1076 1435; x_wconf 72' lang='lat' dir='ltr'><strong>illaque</strong></span> <span class='ocrx_word' id='word_1_65' title='bbox 1124 1318 1203 1388; x_wconf 90' lang='lat' dir='ltr'><strong>in</strong></span> <span class='ocrx_word' id='word_1_66' title='bbox 1249 1316 1453 1388; x_wconf 89' lang='lat' dir='ltr'><strong>omni</strong></span> <span class='ocrx_word' id='word_1_67' title='bbox 1501 1311 1787 1407; x_wconf 87' lang='lat' dir='ltr'><strong>habitu,</strong></span> <span class='ocrx_word' id='word_1_68' title='bbox 1835 1315 1910 1388; x_wconf 88' lang='lat' dir='ltr'><strong>in</strong></span> <span class='ocrx_word' id='word_1_69' title='bbox 1963 1320 2193 1410; x_wconf 82' lang='lat' dir='ltr'><strong>statu,</strong></span> <span class='ocrx_word' id='word_1_70' title='bbox 2241 1318 2479 1406; x_wconf 85' lang='lat' dir='ltr'><strong>motu,</strong></span> 
     </span>
     <span class='ocr_line' id='line_1_11' title="bbox 301 1408 2480 1512; baseline -0.004 -17"><span class='ocrx_word' id='word_1_71' title='bbox 301 1425 605 1495; x_wconf 82' lang='lat' dir='ltr'><strong>incessu</strong></span> <span class='ocrx_word' id='word_1_72' title='bbox 722 1418 974 1487; x_wconf 85' lang='lat' dir='ltr'><strong>onest1</strong></span> <span class='ocrx_word' id='word_1_73' title='bbox 1041 1418 1265 1512; x_wconf 86' lang='lat' dir='ltr'><strong>atque</strong></span> <span class='ocrx_word' id='word_1_74' title='bbox 1317 1408 1573 1484; x_wconf 90' lang='lat' dir='ltr'><strong>decori</strong></span> <span class='ocrx_word' id='word_1_75' title='bbox 1620 1409 2009 1485; x_wconf 86' lang='lat' dir='ltr'><strong>meditatio</strong></span> <span class='ocrx_word' id='word_1_76' title='bbox 2059 1439 2213 1487; x_wconf 89' lang='lat' dir='ltr'><strong>non</strong></span> <span class='ocrx_word' id='word_1_77' title='bbox 2259 1420 2480 1511; x_wconf 82' lang='lat' dir='ltr'><strong>pote-</strong></span> 
     </span>
     <span class='ocr_line' id='line_1_12' title="bbox 299 1505 2486 1593; baseline -0.004 -1"><span class='ocrx_word' id='word_1_78' title='bbox 299 1526 425 1593; x_wconf 84' lang='lat' dir='ltr'><strong>rat</strong></span> <span class='ocrx_word' id='word_1_79' title='bbox 487 1539 640 1588; x_wconf 91' lang='lat' dir='ltr'><strong>uon</strong></span> <span class='ocrx_word' id='word_1_80' title='bbox 708 1507 1042 1586; x_wconf 88' lang='lat' dir='ltr'><strong>eiusdem</strong></span> <span class='ocrx_word' id='word_1_81' title='bbox 1109 1511 1334 1582; x_wconf 85' lang='lat' dir='ltr'><strong>etiam</strong></span> <span class='ocrx_word' id='word_1_82' title='bbox 1379 1510 1457 1581; x_wconf 90' lang='lat' dir='ltr'><strong>in</strong></span> <span class='ocrx_word' id='word_1_83' title='bbox 1506 1505 1883 1581; x_wconf 82' lang='lat' dir='ltr'><strong>mentibus</strong></span> <span class='ocrx_word' id='word_1_84' title='bbox 1934 1509 2355 1585; x_wconf 88' lang='lat' dir='ltr'><strong>honestatis</strong></span> <span class='ocrx_word' id='word_1_85' title='bbox 2407 1516 2486 1583; x_wconf 87' lang='lat' dir='ltr'><strong>et</strong></span> 
     </span>
     <span class='ocr_line' id='line_1_13' title="bbox 303 1603 2482 1706; baseline -0.006 -13"><span class='ocrx_word' id='word_1_86' title='bbox 303 1613 572 1694; x_wconf 83' lang='lat' dir='ltr'><strong>,decori</strong></span> <span class='ocrx_word' id='word_1_87' title='bbox 624 1632 926 1692; x_wconf 83' lang='lat' dir='ltr'><strong>sensum</strong></span> <span class='ocrx_word' id='word_1_88' title='bbox 977 1604 1449 1706; x_wconf 85' lang='lat' dir='ltr'><strong>studiumque</strong></span> <span class='ocrx_word' id='word_1_89' title='bbox 1499 1603 1705 1677; x_wconf 87' lang='lat' dir='ltr'><strong>alere</strong></span> <span class='ocrx_word' id='word_1_90' title='bbox 1747 1613 1824 1677; x_wconf 84' lang='lat' dir='ltr'><strong>et</strong></span> <span class='ocrx_word' id='word_1_91' title='bbox 1852 1608 2215 1681; x_wconf 80' lang='lat' dir='ltr'><strong>excitare.</strong></span> <span class='ocrx_word' id='word_1_92' title='bbox 2269 1605 2482 1695; x_wconf 71' lang='lat' dir='ltr'><strong>Quid</strong></span> 
     </span>
     <span class='ocr_line' id='line_1_14' title="bbox 309 1698 2490 1785; baseline -0.005 1"><span class='ocrx_word' id='word_1_93' title='bbox 309 1711 548 1785; x_wconf 89' lang='lat' dir='ltr'><strong>dicam</strong></span> <span class='ocrx_word' id='word_1_94' title='bbox 600 1704 693 1780; x_wconf 89' lang='lat' dir='ltr'><strong>de</strong></span> <span class='ocrx_word' id='word_1_95' title='bbox 743 1704 974 1779; x_wconf 86' lang='lat' dir='ltr'><strong>alacri</strong></span> <span class='ocrx_word' id='word_1_96' title='bbox 1024 1704 1102 1776; x_wconf 88' lang='lat' dir='ltr'><strong>et</strong></span> <span class='ocrx_word' id='word_1_97' title='bbox 1162 1701 1400 1776; x_wconf 88' lang='lat' dir='ltr'><strong>hilara</strong></span> <span class='ocrx_word' id='word_1_98' title='bbox 1449 1698 1981 1775; x_wconf 82' lang='lat' dir='ltr'><strong>colludentium</strong></span> <span class='ocrx_word' id='word_1_99' title='bbox 2030 1707 2232 1778; x_wconf 85' lang='lat' dir='ltr'><strong>inter</strong></span> <span class='ocrx_word' id='word_1_100' title='bbox 2277 1730 2361 1778; x_wconf 91' lang='lat' dir='ltr'><strong>se</strong></span> <span class='ocrx_word' id='word_1_101' title='bbox 2411 1709 2490 1777; x_wconf 87' lang='lat' dir='ltr'><strong>et</strong></span> 
     </span>
     <span class='ocr_line' id='line_1_15' title="bbox 314 1801 2488 1900; baseline -0.004 -19"><span class='ocrx_word' id='word_1_102' title='bbox 314 1805 904 1891; x_wconf 86' lang='lat' dir='ltr'><strong>concertantium</strong></span> <span class='ocrx_word' id='word_1_103' title='bbox 967 1801 1606 1892; x_wconf 56' lang='lat' dir='ltr'><strong>conversatione.</strong></span> <span class='ocrx_word' id='word_1_104' title='bbox 1665 1822 1859 1898; x_wconf 83' lang='lat' dir='ltr'><strong>quae</strong></span> <span class='ocrx_word' id='word_1_105' title='bbox 1937 1804 2015 1873; x_wconf 90' lang='lat' dir='ltr'><strong>et</strong></span> <span class='ocrx_word' id='word_1_106' title='bbox 2059 1825 2488 1900; x_wconf 84' lang='lat' dir='ltr'><strong>puerorum</strong></span> 
     </span>
     <span class='ocr_line' id='line_1_16' title="bbox 318 1893 2491 1995; baseline -0.004 -17"><span class='ocrx_word' id='word_1_107' title='bbox 318 1906 541 1979; x_wconf 86' lang='lat' dir='ltr'><strong>vitam</strong></span> <span class='ocrx_word' id='word_1_108' title='bbox 587 1899 926 1973; x_wconf 88' lang='lat' dir='ltr'><strong>laetitiae</strong></span> <span class='ocrx_word' id='word_1_109' title='bbox 974 1893 1318 1969; x_wconf 84' lang='lat' dir='ltr'><strong>iuvenilis</strong></span> <span class='ocrx_word' id='word_1_110' title='bbox 1384 1898 1599 1995; x_wconf 87' lang='lat' dir='ltr'><strong>quasi</strong></span> <span class='ocrx_word' id='word_1_111' title='bbox 1649 1893 1972 1994; x_wconf 85' lang='lat' dir='ltr'><strong>quodam</strong></span> <span class='ocrx_word' id='word_1_112' title='bbox 2021 1893 2215 1971; x_wconf 85' lang='lat' dir='ltr'><strong>flore</strong></span> <span class='ocrx_word' id='word_1_113' title='bbox 2266 1923 2491 1971; x_wconf 89' lang='lat' dir='ltr'><strong>orna·-</strong></span> 
     </span>
     <span class='ocr_line' id='line_1_17' title="bbox 314 1989 2489 2093; baseline -0.005 -16"><span class='ocrx_word' id='word_1_114' title='bbox 314 2015 458 2091; x_wconf 85' lang='lat' dir='ltr'><strong>ret,</strong></span> <span class='ocrx_word' id='word_1_115' title='bbox 510 1997 1187 2092; x_wconf 84' lang='lat' dir='ltr'><strong>honestissimaque</strong></span> <span class='ocrx_word' id='word_1_116' title='bbox 1239 1989 1740 2065; x_wconf 85' lang='lat' dir='ltr'><strong>aemulatione</strong></span> <span class='ocrx_word' id='word_1_117' title='bbox 1788 1993 2166 2093; x_wconf 85' lang='lat' dir='ltr'><strong>impleret,</strong></span> <span class='ocrx_word' id='word_1_118' title='bbox 2244 1999 2323 2068; x_wconf 88' lang='lat' dir='ltr'><strong>et</strong></span> <span class='ocrx_word' id='word_1_119' title='bbox 2371 1992 2489 2067; x_wconf 87' lang='lat' dir='ltr'><strong>su-</strong></span> 
     </span>
     <span class='ocr_line' id='line_1_18' title="bbox 316 2086 2493 2172; baseline -0.004 0"><span class='ocrx_word' id='word_1_120' title='bbox 316 2101 534 2172; x_wconf 91' lang='lat' dir='ltr'><strong>turae</strong></span> <span class='ocrx_word' id='word_1_121' title='bbox 581 2094 780 2168; x_wconf 89' lang='lat' dir='ltr'><strong>inter</strong></span> <span class='ocrx_word' id='word_1_122' title='bbox 829 2093 1035 2164; x_wconf 88' lang='lat' dir='ltr'><strong>viros</strong></span> <span class='ocrx_word' id='word_1_123' title='bbox 1084 2091 1452 2163; x_wconf 86' lang='lat' dir='ltr'><strong>amicitiae</strong></span> <span class='ocrx_word' id='word_1_124' title='bbox 1500 2086 2493 2165; x_wconf 81' lang='lat' dir='ltr'><strong>solidissima-fundamenta</strong></span> 
     </span>
     <span class='ocr_line' id='line_1_19' title="bbox 317 2182 2493 2307; baseline -0.004 -37"><span class='ocrx_word' id='word_1_125' title='bbox 317 2195 628 2271; x_wconf 85' lang='lat' dir='ltr'><strong>iaceret.</strong></span> <span class='ocrx_word' id='word_1_126' title='bbox 726 2191 865 2263; x_wconf 87' lang='lat' dir='ltr'><strong>His</strong></span> <span class='ocrx_word' id='word_1_127' title='bbox 910 2184 1136 2280; x_wconf 85' lang='lat' dir='ltr'><strong>bouis</strong></span> <span class='ocrx_word' id='word_1_128' title='bbox 1187 2188 1255 2260; x_wconf 89' lang='lat' dir='ltr'><strong>si</strong></span> <span class='ocrx_word' id='word_1_129' title='bbox 1303 2189 1469 2305; x_wconf 70' lang='lat' dir='ltr'><strong>quis</strong></span> <span class='ocrx_word' id='word_1_130' title='bbox 1517 2182 1716 2258; x_wconf 82' lang='lat' dir='ltr'><strong>mala</strong></span> <span class='ocrx_word' id='word_1_131' title='bbox 1764 2211 1857 2307; x_wconf 72' lang='lat' dir='ltr'><strong>ea</strong></span> <span class='ocrx_word' id='word_1_132' title='bbox 1888 2190 2250 2287; x_wconf 85' lang='lat' dir='ltr'><strong>opponat,</strong></span> <span class='ocrx_word' id='word_1_133' title='bbox 2297 2212 2493 2290; x_wconf 85' lang='lat' dir='ltr'><strong>quae</strong></span> 
     </span>
     <span class='ocr_line' id='line_1_20' title="bbox 321 2282 2498 2477; baseline -0.004 -15"><span class='ocrx_word' id='word_1_134' title='bbox 321 2307 1022 2462; x_wconf 49' lang='grc' dir='ltr'><strong>233ξῄῗὲἓέιῖἔῖεῶ</strong></span> <span class='ocrx_word' id='word_1_135' title='bbox 1062 2308 1500 2477; x_wconf 58' lang='grc' dir='ltr'><strong>ἱζᾚὲἓέἷξ.</strong></span> <span class='ocrx_word' id='word_1_136' title='bbox 1548 2282 2230 2476; x_wconf 60' lang='grc' dir='ltr'><strong>οὲἆῗ..ἒ’ἐ333“ὲῖιί.</strong></span> <span class='ocrx_word' id='word_1_137' title='bbox 2269 2309 2498 2456; x_wconf 49' lang='lat' dir='ltr'><strong>‘¹3¹1&#39;ss</strong></span> 
     </span>
     <span class='ocr_line' id='line_1_21' title="bbox 322 2474 2500 2578; baseline -0.004 -18"><span class='ocrx_word' id='word_1_138' title='bbox 322 2498 578 2560; x_wconf 87' lang='lat' dir='ltr'><strong>mento</strong></span> <span class='ocrx_word' id='word_1_139' title='bbox 632 2476 991 2578; x_wconf 83' lang='lat' dir='ltr'><strong>adspecta</strong></span> <span class='ocrx_word' id='word_1_140' title='bbox 1060 2480 1282 2559; x_wconf 87' lang='lat' dir='ltr'><strong>etiam</strong></span> <span class='ocrx_word' id='word_1_141' title='bbox 1344 2474 1790 2551; x_wconf 85' lang='lat' dir='ltr'><strong>inhonestas</strong></span> <span class='ocrx_word' id='word_1_142' title='bbox 1847 2481 1925 2552; x_wconf 89' lang='lat' dir='ltr'><strong>in</strong></span> <span class='ocrx_word' id='word_1_143' title='bbox 1975 2482 2291 2578; x_wconf 82' lang='lat' dir='ltr'><strong>impuris</strong></span> <span class='ocrx_word' id='word_1_144' title='bbox 2340 2480 2500 2553; x_wconf 89' lang='lat' dir='ltr'><strong>ani-</strong></span> 
     </span>
     <span class='ocr_line' id='line_1_22' title="bbox 325 2571 2502 2676; baseline -0.004 -20"><span class='ocrx_word' id='word_1_145' title='bbox 325 2579 482 2667; x_wconf 80' lang='lat' dir='ltr'><strong>mis</strong></span> <span class='ocrx_word' id='word_1_146' title='bbox 512 2575 860 2655; x_wconf 87' lang='lat' dir='ltr'><strong>libidines</strong></span> <span class='ocrx_word' id='word_1_147' title='bbox 909 2572 1326 2650; x_wconf 87' lang='lat' dir='ltr'><strong>accendere</strong></span> <span class='ocrx_word' id='word_1_148' title='bbox 1374 2581 1639 2673; x_wconf 86' lang='lat' dir='ltr'><strong>posset</strong></span> <span class='ocrx_word' id='word_1_149' title='bbox 1664 2578 1772 2669; x_wconf 77' lang='lat'><strong>⁶):</strong></span> <span class='ocrx_word' id='word_1_150' title='bbox 1822 2571 2070 2676; x_wconf 85' lang='lat' dir='ltr'><strong>potuit</strong></span> <span class='ocrx_word' id='word_1_151' title='bbox 2118 2603 2303 2652; x_wconf 88' lang='lat' dir='ltr'><strong>sane</strong></span> <span class='ocrx_word' id='word_1_152' title='bbox 2351 2575 2502 2649; x_wconf 84' lang='lat' dir='ltr'><strong>hoc</strong></span> 
     </span>
     <span class='ocr_line' id='line_1_23' title="bbox 323 2669 2503 2772; baseline -0.003 -20"><span class='ocrx_word' id='word_1_153' title='bbox 323 2678 529 2771; x_wconf 79' lang='lat' dir='ltr'><strong>fleri,</strong></span> <span class='ocrx_word' id='word_1_154' title='bbox 594 2676 671 2749; x_wconf 91' lang='lat' dir='ltr'><strong>et</strong></span> <span class='ocrx_word' id='word_1_155' title='bbox 718 2669 950 2746; x_wconf 83' lang='lat' dir='ltr'><strong>fiebat</strong></span> <span class='ocrx_word' id='word_1_156' title='bbox 996 2670 1324 2747; x_wconf 82' lang='lat' dir='ltr'><strong>sortasse</strong></span> <span class='ocrx_word' id='word_1_157' title='bbox 1372 2697 1526 2745; x_wconf 88' lang='lat' dir='ltr'><strong>non</strong></span> <span class='ocrx_word' id='word_1_158' title='bbox 1575 2696 1794 2768; x_wconf 85' lang='lat' dir='ltr'><strong>raro;</strong></span> <span class='ocrx_word' id='word_1_159' title='bbox 1871 2671 2007 2748; x_wconf 87' lang='lat' dir='ltr'><strong>sed</strong></span> <span class='ocrx_word' id='word_1_160' title='bbox 2056 2677 2305 2772; x_wconf 85' lang='lat' dir='ltr'><strong>potuit</strong></span> <span class='ocrx_word' id='word_1_161' title='bbox 2353 2673 2503 2747; x_wconf 84' lang='lat' dir='ltr'><strong>hoc</strong></span> 
     </span>
    </p>
   </div>
   <div class='ocr_carea' id='block_1_3' title="bbox 325 2766 2604 2870">
    <p class='ocr_par' dir='ltr' id='par_1_4' title="bbox 325 2766 2604 2870">
     <span class='ocr_line' id='line_1_24' title="bbox 325 2766 2604 2870; baseline -0.004 -21"><span class='ocrx_word' id='word_1_162' title='bbox 325 2784 574 2850; x_wconf 83' lang='lat' dir='ltr'><strong>tamen</strong></span> <span class='ocrx_word' id='word_1_163' title='bbox 626 2774 846 2844; x_wconf 88' lang='lat' dir='ltr'><strong>etiam</strong></span> <span class='ocrx_word' id='word_1_164' title='bbox 900 2766 1331 2867; x_wconf 86' lang='lat' dir='ltr'><strong>disciplinae</strong></span> <span class='ocrx_word' id='word_1_165' title='bbox 1380 2770 1783 2844; x_wconf 85' lang='lat' dir='ltr'><strong>severitate</strong></span> <span class='ocrx_word' id='word_1_166' title='bbox 1830 2770 2348 2870; x_wconf 87' lang='lat' dir='ltr'><strong>utplurimum</strong></span> <span class='ocrx_word' id='word_1_167' title='bbox 2376 2796 2503 2843; x_wconf 85' lang='lat' dir='ltr'><strong>ea-</strong></span> <span class='ocrx_word' id='word_1_168' title='bbox 2587 2820 2604 2841; x_wconf 89' lang='grc'><strong>.</strong></span> 
     </span>
    </p>
   </div>
   <div class='ocr_carea' id='block_1_4' title="bbox 329 2867 2507 3359">
    <p class='ocr_par' dir='ltr' id='par_1_5' title="bbox 329 2867 2507 3359">
     <span class='ocr_line' id='line_1_25' title="bbox 330 2867 2503 2968; baseline -0.003 -23"><span class='ocrx_word' id='word_1_169' title='bbox 330 2874 530 2964; x_wconf 80' lang='lat' dir='ltr'><strong>veri,</strong></span> <span class='ocrx_word' id='word_1_170' title='bbox 578 2868 988 2968; x_wconf 84' lang='lat' dir='ltr'><strong>potuerunt</strong></span> <span class='ocrx_word' id='word_1_171' title='bbox 1036 2871 1258 2939; x_wconf 88' lang='lat' dir='ltr'><strong>etiam</strong></span> <span class='ocrx_word' id='word_1_172' title='bbox 1306 2869 1477 2965; x_wconf 86' lang='lat' dir='ltr'><strong>puri</strong></span> <span class='ocrx_word' id='word_1_173' title='bbox 1528 2891 1701 2941; x_wconf 87' lang='lat' dir='ltr'><strong>esse</strong></span> <span class='ocrx_word' id='word_1_174' title='bbox 1753 2873 1830 2942; x_wconf 91' lang='lat' dir='ltr'><strong>et</strong></span> <span class='ocrx_word' id='word_1_175' title='bbox 1880 2867 2176 2943; x_wconf 86' lang='lat' dir='ltr'><strong>honesti</strong></span> <span class='ocrx_word' id='word_1_176' title='bbox 2225 2893 2503 2968; x_wconf 87' lang='lat' dir='ltr'><strong>puero·-</strong></span> 
     </span>
     <span class='ocr_line' id='line_1_26' title="bbox 330 2963 2505 3064; baseline -0.003 -21"><span class='ocrx_word' id='word_1_177' title='bbox 330 2988 498 3043; x_wconf 86' lang='lat' dir='ltr'><strong>rum</strong></span> <span class='ocrx_word' id='word_1_178' title='bbox 568 2990 868 3038; x_wconf 85' lang='lat' dir='ltr'><strong>amores</strong></span> <span class='ocrx_word' id='word_1_179' title='bbox 899 2963 1006 3059; x_wconf 80' lang='lat'><strong>⁷),</strong></span> <span class='ocrx_word' id='word_1_180' title='bbox 1082 2964 1496 3061; x_wconf 85' lang='lat' dir='ltr'><strong>potueruut</strong></span> <span class='ocrx_word' id='word_1_181' title='bbox 1558 2968 1783 3037; x_wconf 87' lang='lat' dir='ltr'><strong>animi</strong></span> <span class='ocrx_word' id='word_1_182' title='bbox 1831 2968 1906 3039; x_wconf 90' lang='lat' dir='ltr'><strong>in</strong></span> <span class='ocrx_word' id='word_1_183' title='bbox 1958 2964 2277 3064; x_wconf 82' lang='lat' dir='ltr'><strong>pulchro</strong></span> <span class='ocrx_word' id='word_1_184' title='bbox 2329 2989 2505 3038; x_wconf 86' lang='lat' dir='ltr'><strong>cor-</strong></span> 
     </span>
     <span class='ocr_line' id='line_1_27' title="bbox 329 3058 2507 3235; baseline -0.001 0"><span class='ocrx_word' id='word_1_185' title='bbox 329 3091 521 3235; x_wconf 70' lang='grc' dir='ltr'><strong>Ρ3“’</strong></span> <span class='ocrx_word' id='word_1_186' title='bbox 550 3058 2507 3233; x_wconf 59' lang='lat'><strong>¹:1¹¹&#39;13¹¹23³2,2¹¹32232331-&#39;1‘1-“333122‘1332“;“313³512⁰031</strong></span> 
     </span>
     <span class='ocr_line' id='line_1_28' title="bbox 335 3185 2507 3359; baseline -0.001 -26"><span class='ocrx_word' id='word_1_187' title='bbox 335 3185 778 3333; x_wconf 50' lang='lat' dir='ltr'><strong>zrffu‘llidem</strong></span> <span class='ocrx_word' id='word_1_188' title='bbox 827 3252 1080 3354; x_wconf 87' lang='lat' dir='ltr'><strong>lapide</strong></span> <span class='ocrx_word' id='word_1_189' title='bbox 1124 3277 1562 3359; x_wconf 73' lang='lat' dir='ltr'><strong>expressam</strong></span> <span class='ocrx_word' id='word_1_190' title='bbox 1610 3186 2266 3356; x_wconf 74' lang='lat' dir='ltr'><strong>amamuszpquam</strong></span> <span class='ocrx_word' id='word_1_191' title='bbox 2321 3187 2507 3332; x_wconf 59' lang='lat' dir='ltr'><strong>elane</strong></span> 
     </span>
    </p>
   </div>
   <div class='ocr_carea' id='block_1_5' title="bbox 342 3449 736 3469">
    <p class='ocr_par' dir='ltr' id='par_1_6' title="bbox 342 3449 736 3469">
     <span class='ocr_line' id='line_1_29' title="bbox 342 3449 736 3469; baseline 0 1506"><span class='ocrx_word' id='word_1_192' title='bbox 342 3449 736 3469; x_wconf 95' lang='lat' dir='ltr'><strong> </strong></span> 
     </span>
    </p>
   </div>
   <div class='ocr_carea' id='block_1_6' title="bbox 338 3540 2513 3716">
    <p class='ocr_par' dir='ltr' id='par_1_7' title="bbox 338 3540 2513 3716">
     <span class='ocr_line' id='line_1_30' title="bbox 481 3540 2513 3644; baseline 0 -17"><span class='ocrx_word' id='word_1_193' title='bbox 481 3565 548 3639; x_wconf 86' lang='grc'><strong>3)</strong></span> <span class='ocrx_word' id='word_1_194' title='bbox 587 3571 759 3624; x_wconf 78' lang='lat' dir='ltr'><strong>Arist.</strong></span> <span class='ocrx_word' id='word_1_195' title='bbox 792 3568 967 3624; x_wconf 77' lang='lat' dir='ltr'><strong>Polit.</strong></span> <span class='ocrx_word' id='word_1_196' title='bbox 1001 3572 1169 3638; x_wconf 85' lang='lat' dir='ltr'><strong>vm,</strong></span> <span class='ocrx_word' id='word_1_197' title='bbox 1203 3570 1258 3634; x_wconf 81' lang='lat'><strong>3,</strong></span> <span class='ocrx_word' id='word_1_198' title='bbox 1294 3569 1348 3626; x_wconf 89' lang='grc'><strong>3.</strong></span> <span class='ocrx_word' id='word_1_199' title='bbox 1419 3540 1621 3643; x_wconf 71' lang='lat' dir='ltr'><strong>Eurip.</strong></span> <span class='ocrx_word' id='word_1_200' title='bbox 1663 3570 1934 3640; x_wconf 80' lang='lat' dir='ltr'><strong>Autolyc.</strong></span> <span class='ocrx_word' id='word_1_201' title='bbox 1983 3568 2055 3626; x_wconf 77' lang='lat' dir='ltr'><strong>fr.</strong></span> <span class='ocrx_word' id='word_1_202' title='bbox 2096 3589 2183 3644; x_wconf 80' lang='lat' dir='ltr'><strong>ap.</strong></span> <span class='ocrx_word' id='word_1_203' title='bbox 2229 3569 2513 3628; x_wconf 73' lang='lat' dir='ltr'><strong>Athenae.</strong></span> 
     </span>
     <span class='ocr_line' id='line_1_31' title="bbox 338 3638 2513 3716; baseline 0.002 -22"><span class='ocrx_word' id='word_1_204' title='bbox 338 3638 403 3694; x_wconf 84' lang='lat' dir='ltr'>X</span> <span class='ocrx_word' id='word_1_205' title='bbox 438 3653 497 3705; x_wconf 79' lang='lat' dir='ltr'><strong>P.</strong></span> <span class='ocrx_word' id='word_1_206' title='bbox 533 3641 659 3694; x_wconf 80' lang='lat'><strong>413.</strong></span> <span class='ocrx_word' id='word_1_207' title='bbox 697 3642 904 3695; x_wconf 65' lang='lat' dir='ltr'><strong>Galen.</strong></span> <span class='ocrx_word' id='word_1_208' title='bbox 940 3648 1215 3716; x_wconf 80' lang='lat' dir='ltr'><strong>protrept.</strong></span> <span class='ocrx_word' id='word_1_209' title='bbox 1254 3661 1301 3696; x_wconf 84' lang='lat' dir='ltr'><strong>c.</strong></span> <span class='ocrx_word' id='word_1_210' title='bbox 1335 3641 1517 3699; x_wconf 78' lang='lat'>9—14</span> <span class='ocrx_word' id='word_1_211' title='bbox 1551 3654 1686 3697; x_wconf 82' lang='lat' dir='ltr'><strong>tom·</strong></span> <span class='ocrx_word' id='word_1_212' title='bbox 1724 3645 1755 3697; x_wconf 95' lang='lat' dir='ltr'>l</span> <span class='ocrx_word' id='word_1_213' title='bbox 1781 3656 1851 3709; x_wconf 70' lang='lat' dir='ltr'><strong>J).</strong></span> <span class='ocrx_word' id='word_1_214' title='bbox 1885 3644 2098 3699; x_wconf 79' lang='lat'><strong>20-27</strong></span> <span class='ocrx_word' id='word_1_215' title='bbox 2133 3642 2337 3699; x_wconf 73' lang='lat' dir='ltr'><strong>Kiilm.</strong></span> <span class='ocrx_word' id='word_1_216' title='bbox 2371 3644 2513 3700; x_wconf 82' lang='lat' dir='ltr'><strong>Plu-</strong></span> 
     </span>
    </p>
   </div>
   <div class='ocr_carea' id='block_1_7' title="bbox 342 3711 2009 3787">
    <p class='ocr_par' dir='ltr' id='par_1_8' title="bbox 342 3711 2009 3787">
     <span class='ocr_line' id='line_1_32' title="bbox 342 3711 2009 3787; baseline 0.002 -21"><span class='ocrx_word' id='word_1_217' title='bbox 342 3711 525 3766; x_wconf 75' lang='lat' dir='ltr'><strong>tarch·</strong></span> <span class='ocrx_word' id='word_1_218' title='bbox 558 3711 916 3784; x_wconf 84' lang='lat' dir='ltr'><strong>Philopoem.</strong></span> <span class='ocrx_word' id='word_1_219' title='bbox 956 3734 1005 3768; x_wconf 86' lang='lat' dir='ltr'><strong>c.</strong></span> <span class='ocrx_word' id='word_1_220' title='bbox 1041 3716 1095 3772; x_wconf 85' lang='lat'><strong>3.</strong></span> <span class='ocrx_word' id='word_1_221' title='bbox 1165 3715 1339 3770; x_wconf 83' lang='lat' dir='ltr'><strong>Corn.</strong></span> <span class='ocrx_word' id='word_1_222' title='bbox 1378 3716 1530 3787; x_wconf 81' lang='lat' dir='ltr'><strong>Nep.</strong></span> <span class='ocrx_word' id='word_1_223' title='bbox 1568 3715 1831 3787; x_wconf 84' lang='lat' dir='ltr'><strong>Epamin.</strong></span> <span class='ocrx_word' id='word_1_224' title='bbox 1868 3718 1920 3783; x_wconf 78' lang='lat'><strong>2,</strong></span> <span class='ocrx_word' id='word_1_225' title='bbox 1957 3717 2009 3769; x_wconf 75' lang='lat'><strong>4.</strong></span> 
     </span>
    </p>
   </div>
   <div class='ocr_carea' id='block_1_8' title="bbox 340 3812 2512 4034">
    <p class='ocr_par' dir='ltr' id='par_1_9' title="bbox 340 3812 2512 4034">
     <span class='ocr_line' id='line_1_33' title="bbox 491 3812 2512 3893; baseline 0.002 -22"><span class='ocrx_word' id='word_1_226' title='bbox 491 3816 557 3888; x_wconf 88' lang='grc'><strong>4)</strong></span> <span class='ocrx_word' id='word_1_227' title='bbox 594 3820 746 3883; x_wconf 76' lang='lat' dir='ltr'><strong>Hinc</strong></span> <span class='ocrx_word' id='word_1_228' title='bbox 783 3820 970 3874; x_wconf 85' lang='lat' dir='ltr'><strong>Solon</strong></span> <span class='ocrx_word' id='word_1_229' title='bbox 1005 3824 1270 3876; x_wconf 68' lang='grc' dir='ltr'><strong>συνέστειλε</strong></span> <span class='ocrx_word' id='word_1_230' title='bbox 1303 3817 1394 3879; x_wconf 54' lang='lat' dir='ltr'><strong>wic</strong></span> <span class='ocrx_word' id='word_1_231' title='bbox 1419 3816 1573 3893; x_wconf 73' lang='grc' dir='ltr'><strong>πμᾶς</strong></span> <span class='ocrx_word' id='word_1_232' title='bbox 1602 3812 1786 3876; x_wconf 54' lang='grc' dir='ltr'><strong>τόνῖν</strong></span> <span class='ocrx_word' id='word_1_233' title='bbox 1820 3820 2017 3892; x_wconf 76' lang='grc' dir='ltr'><strong><em>α’γῶων</em></strong></span> <span class='ocrx_word' id='word_1_234' title='bbox 2048 3818 2298 3886; x_wconf 68' lang='grc' dir='ltr'><strong>ἀθλητῶν.</strong></span> <span class='ocrx_word' id='word_1_235' title='bbox 2336 3823 2512 3892; x_wconf 76' lang='lat' dir='ltr'><strong>Diog.</strong></span> 
     </span>
     <span class='ocr_line' id='line_1_34' title="bbox 345 3890 2511 3964; baseline 0.003 -22"><span class='ocrx_word' id='word_1_236' title='bbox 345 3890 535 3944; x_wconf 67' lang='lat' dir='ltr'><strong>laert.</strong></span> <span class='ocrx_word' id='word_1_237' title='bbox 570 3890 775 3944; x_wconf 89' lang='lat' dir='ltr'><strong>Solon.</strong></span> <span class='ocrx_word' id='word_1_238' title='bbox 811 3911 860 3945; x_wconf 86' lang='lat' dir='ltr'><strong>o.</strong></span> <span class='ocrx_word' id='word_1_239' title='bbox 898 3895 983 3946; x_wconf 84' lang='lat'><strong>55.</strong></span> <span class='ocrx_word' id='word_1_240' title='bbox 1043 3893 1121 3947; x_wconf 76' lang='lat' dir='ltr'><strong>Et</strong></span> <span class='ocrx_word' id='word_1_241' title='bbox 1154 3901 1350 3948; x_wconf 75' lang='lat' dir='ltr'><strong>tamen</strong></span> <span class='ocrx_word' id='word_1_242' title='bbox 1389 3893 1559 3946; x_wconf 82' lang='lat' dir='ltr'><strong>huius</strong></span> <span class='ocrx_word' id='word_1_243' title='bbox 1596 3911 1824 3964; x_wconf 73' lang='lat' dir='ltr'><strong>quoqne</strong></span> <span class='ocrx_word' id='word_1_244' title='bbox 1849 3895 1987 3945; x_wconf 76' lang='lat' dir='ltr'><strong>artis</strong></span> <span class='ocrx_word' id='word_1_245' title='bbox 2006 3893 2308 3961; x_wconf 72' lang='lat' dir='ltr'><strong>magistro·</strong></span> <span class='ocrx_word' id='word_1_246' title='bbox 2334 3893 2511 3964; x_wconf 65' lang='lat' dir='ltr'><strong>louge</strong></span> 
     </span>
     <span class='ocr_line' id='line_1_35' title="bbox 340 3962 2407 4034; baseline 0.002 -19"><span class='ocrx_word' id='word_1_247' title='bbox 340 3966 861 4034; x_wconf 77' lang='lat' dir='ltr'><strong>praestantissimos</strong></span> <span class='ocrx_word' id='word_1_248' title='bbox 898 3962 1142 4019; x_wconf 71' lang='lat' dir='ltr'><strong>Athenis</strong></span> <span class='ocrx_word' id='word_1_249' title='bbox 1176 3967 1358 4021; x_wconf 69' lang='lat' dir='ltr'><strong>fuisse</strong></span> <span class='ocrx_word' id='word_1_250' title='bbox 1391 3965 1678 4019; x_wconf 72' lang='lat' dir='ltr'><strong>Pindarus</strong></span> <span class='ocrx_word' id='word_1_251' title='bbox 1712 3969 1959 4017; x_wconf 79' lang='lat' dir='ltr'><strong>testatur</strong></span> <span class='ocrx_word' id='word_1_252' title='bbox 1994 3964 2167 4018; x_wconf 84' lang='lat' dir='ltr'><strong>Nem.</strong></span> <span class='ocrx_word' id='word_1_253' title='bbox 2206 3965 2283 4032; x_wconf 84' lang='lat' dir='ltr'><strong>V,</strong></span> <span class='ocrx_word' id='word_1_254' title='bbox 2322 3965 2407 4019; x_wconf 81' lang='lat'><strong>49.</strong></span> 
     </span>
    </p>
   </div>
   <div class='ocr_carea' id='block_1_9' title="bbox 343 4063 2514 4212">
    <p class='ocr_par' dir='ltr' id='par_1_10' title="bbox 343 4063 2514 4212">
     <span class='ocr_line' id='line_1_36' title="bbox 484 4063 2514 4144; baseline 0.002 -22"><span class='ocrx_word' id='word_1_255' title='bbox 484 4063 550 4136; x_wconf 81' lang='grc'><strong>5)</strong></span> <span class='ocrx_word' id='word_1_256' title='bbox 590 4069 739 4143; x_wconf 80' lang='lat' dir='ltr'><strong>Plat.</strong></span> <span class='ocrx_word' id='word_1_257' title='bbox 775 4072 1010 4142; x_wconf 77' lang='lat' dir='ltr'><strong>Protag.</strong></span> <span class='ocrx_word' id='word_1_258' title='bbox 1048 4091 1106 4144; x_wconf 81' lang='lat' dir='ltr'><strong>p.</strong></span> <span class='ocrx_word' id='word_1_259' title='bbox 1142 4071 1250 4128; x_wconf 78' lang='lat'><strong>326</strong></span> <span class='ocrx_word' id='word_1_260' title='bbox 1283 4072 1352 4128; x_wconf 85' lang='grc' dir='ltr'><strong>Β.</strong></span> <span class='ocrx_word' id='word_1_261' title='bbox 1389 4072 1456 4126; x_wconf 82' lang='lat' dir='ltr'><strong>C.</strong></span> <span class='ocrx_word' id='word_1_262' title='bbox 1489 4073 1733 4126; x_wconf 77' lang='lat' dir='ltr'><strong>Aristot.</strong></span> <span class='ocrx_word' id='word_1_263' title='bbox 1769 4069 1944 4126; x_wconf 70' lang='lat' dir='ltr'><strong>Polio„</strong></span> <span class='ocrx_word' id='word_1_264' title='bbox 1980 4072 2147 4138; x_wconf 79' lang='lat' dir='ltr'><strong>Vm,</strong></span> <span class='ocrx_word' id='word_1_265' title='bbox 2187 4072 2240 4140; x_wconf 74' lang='grc'><strong>2,</strong></span> <span class='ocrx_word' id='word_1_266' title='bbox 2276 4072 2328 4127; x_wconf 80' lang='grc'><strong>3.</strong></span> <span class='ocrx_word' id='word_1_267' title='bbox 2397 4072 2514 4126; x_wconf 74' lang='lat' dir='ltr'><strong>Lu-</strong></span> 
     </span>
     <span class='ocr_line' id='line_1_37' title="bbox 343 4138 1535 4212; baseline 0.009 -19"><span class='ocrx_word' id='word_1_268' title='bbox 343 4138 494 4193; x_wconf 69' lang='lat' dir='ltr'><strong>cian.</strong></span> <span class='ocrx_word' id='word_1_269' title='bbox 533 4140 605 4192; x_wconf 85' lang='lat' dir='ltr'><strong>de</strong></span> <span class='ocrx_word' id='word_1_270' title='bbox 640 4160 900 4212; x_wconf 77' lang='lat' dir='ltr'><strong>gymnas.</strong></span> <span class='ocrx_word' id='word_1_271' title='bbox 938 4162 989 4196; x_wconf 83' lang='grc' dir='ltr'><strong>ο.</strong></span> <span class='ocrx_word' id='word_1_272' title='bbox 1027 4144 1117 4201; x_wconf 71' lang='lat'><strong>24.</strong></span> <span class='ocrx_word' id='word_1_273' title='bbox 1528 4180 1535 4189; x_wconf 93' lang='lat'>·</span> 
     </span>
    </p>
   </div>
   <div class='ocr_carea' id='block_1_10' title="bbox 483 4242 1535 4423">
    <p class='ocr_par' dir='ltr' id='par_1_11' title="bbox 483 4242 1535 4423">
     <span class='ocr_line' id='line_1_38' title="bbox 483 4242 1267 4318; baseline 0.006 -17"><span class='ocrx_word' id='word_1_274' title='bbox 483 4242 549 4315; x_wconf 87' lang='grc'><strong>6)</strong></span> <span class='ocrx_word' id='word_1_275' title='bbox 589 4249 711 4302; x_wconf 77' lang='lat' dir='ltr'><strong>cio.</strong></span> <span class='ocrx_word' id='word_1_276' title='bbox 750 4247 995 4302; x_wconf 82' lang='lat' dir='ltr'><strong>Tuscul.</strong></span> <span class='ocrx_word' id='word_1_277' title='bbox 1030 4250 1145 4318; x_wconf 81' lang='lat' dir='ltr'><strong>IV,</strong></span> <span class='ocrx_word' id='word_1_278' title='bbox 1176 4250 1267 4306; x_wconf 87' lang='grc'><strong>33.</strong></span> 
     </span>
     <span class='ocr_line' id='line_1_39' title="bbox 484 4348 1535 4423; baseline 0.005 -17"><span class='ocrx_word' id='word_1_279' title='bbox 484 4348 548 4423; x_wconf 86' lang='grc'><strong>7)</strong></span> <span class='ocrx_word' id='word_1_280' title='bbox 587 4354 676 4412; x_wconf 77' lang='lat' dir='ltr'><strong>Cf.</strong></span> <span class='ocrx_word' id='word_1_281' title='bbox 714 4355 947 4409; x_wconf 78' lang='lat' dir='ltr'><strong>Jacobs.</strong></span> <span class='ocrx_word' id='word_1_282' title='bbox 981 4354 1024 4410; x_wconf 75' lang='lat' dir='ltr'><strong>J.</strong></span> <span class='ocrx_word' id='word_1_283' title='bbox 1058 4355 1099 4412; x_wconf 88' lang='lat' dir='ltr'><strong>l.</strong></span> <span class='ocrx_word' id='word_1_284' title='bbox 1138 4369 1195 4423; x_wconf 82' lang='lat' dir='ltr'><strong>P·</strong></span> <span class='ocrx_word' id='word_1_285' title='bbox 1233 4357 1535 4415; x_wconf 75' lang='lat'><strong>212-254.</strong></span> 
     </span>
    </p>
   </div>
  </div>
 </body>
</html>
