3067 4975
939 431 1012 503 5.
1077 430 1196 504 De
1242 421 1835 523 magaktratibus
2060 375 2064 386 Ι
2176 511 2182 518 ,
2277 487 2283 506 .
2332 436 2479 514 243

298 599 615 715 negotia
700 641 841 689 sua
932 580 1568 690 administrarent.
1672 613 1898 686 Initio
1984 620 2473 715 magistratus

300 717 609 804 εῖσιτήρια
658 738 879 786 sacra
943 709 1348 800 faciebant,
1413 708 1792 811 multaque
1856 709 2185 811 collegia
2250 721 2470 793 etiam

305 833 741 883 communes
790 808 1052 907 epulas
1101 805 1623 908 habebantffl).

1220 1033 1283 1104 ς.
1321 962 1540 1086 XLI.

493 1142 922 1314 Principem
968 1145 1166 1220 inter
1213 1141 1705 1243 magistratus
1751 1141 1999 1219 locum
2031 1140 2476 1225 obtinebant

298 1263 569 1314 novem
620 1268 749 1314 arc
805 1246 1046 1336 onteS‚
1148 1268 1415 1319 uorum
1467 1266 1701 1335 unus,
1823 1246 1895 1315 ui
1945 1269 2215 1317 nomen
2271 1272 2472 1321 anno

300 1334 553 1429 dabat,
601 1338 905 1412 Archon
935 1342 1368 1439 simpiciter
1398 1340 1495 1433 ¹),
1547 1336 1742 1412 alter
1846 1365 1970 1433 eX,
2016 1342 2286 1416 tertius
2318 1345 2473 1417 Po-

301 1430 747 1528 lemarchus‚
797 1436 1064 1538 reliqui
1095 1462 1234 1510 sex
1263 1434 1856 1511 'l'besmotbetae
1881 1438 1950 1534 2)
2004 1435 2471 1516 dicebantur.

300 1530 404 1603 Hi
437 1529 610 1604 olim
646 1559 975 1608 summae
1003 1537 1112 1607 rei
1145 1530 1492 1632 publicae
1527 1533 2017 1630 praefuerant
2041 1536 2148 1631 3);
2200 1541 2474 1635 postea

303 1652 486 1701 vero
516 1627 699 1703 nibil
733 1628 893 1705 sere
922 1634 1303 1729 gravioris
1334 1631 1619 1727 negotii
1653 1636 1960 1728 praeter
1981 1634 2165 1705 iuris
2206 1634 2472 1706 dictio-

305 1749 477 1798 nem
505 1724 954 1821 retinebant,
982 1754 1287 1828 eamque
1313 1729 1552 1826 ipsam
1577 1730 1685 1801 ita
1712 1731 2348 1829 circumscriptam
2374 1730 2473 1827 ⁴),

303 1826 389 1893 ut
436 1821 950 1898 tantummodo
985 1823 1278 1899 delatas
1326 1824 1420 1897 ad
1474 1851 1558 1897 se
1609 1850 1880 1899 causas
1932 1831 2475 1923 examinarent,

305 1917 788 2021 collectisque
859 1948 1052 2023 quae
1128 1911 1253 1994 abx
1300 1924 1561 1995 actore
1614 1928 1689 1996 et
1749 1948 1884 1996 reo
1960 1920 2475 2000 afferebantur

301 2012 879 2118 probationibus
949 2033 1025 2094 et
1087 2016 1554 2092 documentis
1612 2022 1689 2091 in
1750 2019 2097 2092 iudicium
2150 2019 2474 2098 deduce·

306 2112 1034 2215 rent‚‚iudicumque
1099 2117 1411 2189 consilio
1472 2119 1944 2214 praeessent.
2058 2118 2248 2192 Nam
2298 2145 2476 2216 pro·

305 2213 667 2285 nunciare
714 2215 899 2311 ipsis
947 2214 1387 2287 sententiam
1438 2238 1593 2285 non
1653 2212 1886 2306 licuit,
1944 2216 2089 2287 nisi
2146 2215 2349 2316 quod
2399 2218 2480 2288 in

306 2303 717 2382 levioribus
783 2307 1104 2400 delictis,
1153 2336 1375 2411 quum
1436 2309 1724 2409 liquere
1775 2308 1868 2384 de
1918 2309 2138 2409 culpa
2188 2311 2475 2387 videre-

307 2408 459 2499 tur,
518 2406 836 2480 mulctas
895 2411 1281 2506 imponere
1341 2411 1739 2506 poterant,
1817 2433 1984 2480 cum
2044 2433 2137 2480 eo
2202 2413 2477 2502 tamen,

309 2506 396 2574 ut
459 2508 904 2601 provocatio
978 2503 1074 2578 ad
1149 2504 1503 2578 iudicium
1581 2502 1949 2578 damnatis
2028 2504 2336 2580 daretur
2376 2508 2474 2604 ⁵).

308 2597 811 2675 Pertinebant
871 2610 1119 2677 autem
1189 2600 1285 2674 ad
1346 2600 1804 2675 Archontem
1879 2604 2139 2675 civium
2202 2631 2475 2681 causae

314 2720 450 2773 eae
517 2724 812 2794 omues,
874 2724 1069 2801 quae
1136 2724 1237 2774 ex
1308 2701 1472 2773 iure
1533 2724 2066 2798 personarum,
2115 2705 2476 2800 imprimis

310 3047 416 3104 ¹⁰7
457 2976 881 3106 1οὶ1ἰῖωοεῑὶι.
920 2980 993 3034 de
1026 2978 1072 3035 f.
1106 2978 1217 3052 leg.
1252 2998 1310 3052 p.
1350 2980 1473 3048 400,
1507 2979 1597 3033 24.
1670 2977 1761 3033 ef.
1808 2979 2015 3033 Meier.
2058 2980 2227 3033 Proc.
2264 2984 2384 3035 Att.
2420 3003 2477 3056 1²·

451 3067 531 3102 no
679 3091 695 3108 .

457 3153 523 3227 1)
560 3157 713 3210 Nam
742 3156 1006 3231 ἐπώνυμος
1035 3159 1150 3213 dici
1196 3177 1315 3213 non
1366 3158 1517 3212 solet
1563 3159 1678 3211 nisi
1723 3175 1759 3210 a
1804 3155 2175 3228 scriptoribus
2221 3176 2339 3211 non
2372 3161 2478 3215 At·

314 3228 463 3294 licis,
499 3231 800 3302 praecipue
837 3248 873 3284 a
907 3235 1308 3300 grammaticis,
1344 3238 1411 3283 ut
1446 3230 1518 3282 ab
1556 3229 1684 3282 aliis
1731 3228 2185 3296 magistratibus,
2224 3233 2320 3301 qui
2358 3250 2479 3284 om-

317 3306 424 3353 nc‘s
457 3297 697 3372 ἄρχοντες
727 3309 879 3370 sunt,
913 3302 1144 3356 facilius
1191 3304 1590 3369 distinguatur.
1663 3299 1841 3353 Extat
1888 3309 2080 3353 tamen
2128 3298 2308 3375 ἄρχων
2346 3303 2480 3358 ἑπώ-

302 3387 471 3443 rupo:
498 3374 560 3426 in
593 3374 965 3445 inscriptione
1005 3376 1068 3428 G.
1103 3375 1165 3426 J.
1201 3393 1294 3427 no.
1330 3374 1439 3427 353
1475 3391 1529 3425 v.
1569 3374 1658 3429 11.
2093 3394 2100 3401 ’

455 3473 521 3548 2)
559 3479 987 3553 Nonnunquam
1027 3479 1538 3535 thesmotbetarum
1584 3497 1797 3533 nomen
1844 3478 1915 3533 de
1962 3478 2227 3533 omnibus
2272 3499 2482 3536 novem

288 3547 686 3604 ‚archontibus
721 3557 982 3625 usurpari
1003 3556 1259 3607 Meierus
1298 3551 1493 3606 docuit
1526 3555 1587 3605 in
1626 3550 1851 3605 schedis
1888 3549 2165 3620 philolog.
2192 3550 2482 3616 (Philolo-

315 3620 512 3689 gische
550 3621 789 3676 Blatter·
822 3625 1068 3680 Breslau
1104 3622 1288 3692 1817.)
1326 3624 1494 3677 Fasc.
1532 3626 1559 3678 l
1601 3643 1657 3696 p.
1698 3624 1820 3679 10².
1896 3621 1986 3676 Cf.
2026 3621 2280 3676 Boeckb.
2321 3625 2387 3678 C.
2424 3626 2484 3677 J.

316 3694 346 3747 l
387 3712 445 3766 p.
481 3694 614 3762 4403
677 3713 866 3769 neque
921 3714 1147 3764 causam
1213 3713 1339 3749 esse
1386 3713 1489 3747 cur
1540 3695 1654 3748 duo
1710 3692 2222 3748 thesmotbetarum
2270 3712 2487 3763 genera

318 3764 758 3834 distinguantur,
795 3776 997 3822 contra
1033 3771 1426 3822 Tittmannum
1459 3787 1518 3840 p.
1550 3768 1676 3822 262.
1712 3767 1821 3821 302
1853 3765 2006 3819 idem
2040 3766 2296 3819 Meierus
2331 3778 2488 3822 recte

315 3839 541 3890 monuit
573 3839 745 3893 Proc.
776 3841 895 3894 Att.
927 3859 985 3912 p.
1025 3841 1116 3895 59.

458 3941 529 4013 3)
569 3943 834 4018 Thucyd.
872 3947 925 4015 1,
962 3947 1086 4002 126.
1125 3949 1393 4002 Perizon.
1432 3944 1504 3998 nd
1536 3943 1768 3998 Aelian.
1808 3943 1889 3997 V.
1926 3945 2004 3998 Η.
2041 3944 2122 4012 V,
2159 3944 2249 4000 13-

464 4048 524 4115 4)
560 4051 715 4105 Nam
763 4053 928 4122 olim,
983 4060 1051 4108 ut
1097 4060 1186 4107 est
1232 4053 1386 4126 apud
1433 4051 1673 4105 Suidam
1722 4070 1770 4104 s.
1816 4069 1876 4104 v.
1925 4047 2121 4123 ἅρχων,
2168 4050 2329 4125 κύριοι
2358 4044 2492 4118 ἦσαν

322 4117 448 4177 ὥστε
476 4118 566 4179 τὰς
597 4123 748 4183 dinae
779 4125 1044 4184 aaronis&
1073 4129 1347 4180 ποιεῖσθαι.
1422 4125 1633 4195 Neque
1672 4122 1977 4191 collegium
2002 4139 2198 4175 eorum
2223 4130 2354 4175 ante
2377 4127 2489 4179 So·

322 4191 519 4245 Ionem
574 4193 754 4249 fuisse
803 4197 1037 4266 dicitur,
1085 4197 1188 4251 sed
1233 4214 1340 4248 sua
1415 4213 1657 4267 nemque
1693 4196 1927 4261 negotia
1961 4196 2267 4262 separatim
2312 4194 2491 4247 admi·

323 4268 620 4320 nisti-asse.
655 4267 998 4341 Apollodor.
1036 4287 1123 4341 ap.
1161 4270 1334 4336 Diog.
1424 4274 1564 4320 aert.
1604 4264 1807 4319 Solon.
1841 4263 1945 4316 lib.
1981 4266 2014 4316 l
2053 4262 2107 4330 §-
2144 4265 2233 4322 58.

421 4368 685 4499 132acf„
697 4372 885 4444 legem
923 4374 997 4429 de
1031 4372 1324 4429 archonti:
1357 4380 1645 4447 potestate
1681 4390 1773 4444 ap.
1807 4368 2102 4427 Demosth.
2151 4371 2216 4426 in
2248 4372 2492 4429 Meam.

327 4461 384 4514 Po
500 4459 518 4498 l
1188 4489 1194 4493 ,

1943 4547 2042 4621 16
2072 4548 2113 4590 '⁶
