3067 4975
514 378 555 404 -’
676 362 745 436 -I
755 359 834 435 V·
882 357 954 433 2.
1003 357 1124 432 De
1181 353 1664 431 Cretensium.
1697 378 1793 428 re
1827 326 2167 454 publiea.
2392 296 2539 430 lae

1293 550 1360 634 §.
1410 537 1622 612 vm.

561 685 1011 762 Promiscua
1077 712 1242 762 cum
1306 694 1551 788 pere*⁸
1588 687 1735 762 inis
1798 690 2246 762 commercia
2293 706 2539 787 neque

273 804 281 811 ’
367 781 620 858 facilia
686 788 906 858 erant
1021 790 1288 884 ropter
1345 709 1639 877 insffle
1689 786 1942 872 situm,
2006 792 2081 858 et
2128 783 2540 884 antiquitus

367 885 493 954 vix
544 878 747 954 licita
774 883 868 977 ¹).
942 811 1150 957 ll'nter
1196 883 1221 954 i
1277 906 1408 956 sos
1455 886 1702 959 autem
1742 882 2154 957 Cretenses
2199 877 2540 979 bospite-

367 977 541 1051 litas
591 1003 901 1067 summa,
952 979 1029 1053 et
1074 974 1230 1078 pub
1261 981 1382 1051 ica
1426 972 1702 1078 ubique
1751 975 2127 1077 hospitum
2178 974 2539 1051 deverso-

366 1077 479 1147 ria
506 1075 596 1166 ²).
643 1088 647 1097 '
696 1077 1051 1148 Ceterum
1104 1101 1324 1149 omne
1374 1076 1670 1174 tempus
1718 1076 1851 1148 aut
1915 1074 1994 1147 in
2061 1071 2537 1146 administra-

367 1175 574 1244 tione
629 1173 705 1244 et
741 1168 1294 1246 consultatione
1326 1169 1800 1271 publicorum
1841 1173 2353 1270 negotiorum,
2409 1175 2541 1243 aut

366 1269 441 1340 in
493 1264 788 1341 liberali
839 1294 1005 1343 cum
1059 1265 1346 1343 civibus
1397 1273 2003 1363 conversatione,
2058 1270 2191 1339 aut
2238 1266 2310 1338 in
2363 1286 2539 1340 eor-

362 1386 635 1462 porum
718 1366 1265 1439 exercitatione
1339 1363 1840 1464 peragebant.
1945 1363 2171 1438 Artes
2232 1364 2543 1463 praeter

368 1465 721 1534 musicam
774 1459 1051 1535 nullam
1100 1464 1540 1536 tractabant
1564 1465 1661 1557 ³),
1712 1484 2023 1563 eamque
2071 1465 2306 1559 ipsam
2338 1461 2544 1536 intra

368 1561 621 1630 certos
670 1556 885 1631 fines.
969 1557 1161 1658 Agri
1212 1557 1509 1633 cultura
1557 1559 2008 1659 rusticisque
2059 1553 2419 1656 operibus
2443 1556 2541 1654 ⁴),

367 1654 726 1825 1:33⁰&
733 1680 876 1824 ..Ῥὲ
882 1651 1905 1828 ‘⁰3322303l'.⁸‘{23‚¹⁰2¹;2⁵'12„
1915 1656 2227 1825 ..KQ-{¹¹
2290 1661 2541 1824 2233?

367 1851 497 1920 tim
576 1852 652 1922 et
727 1852 803 1922 in
930 1851 1212 1923 eterius
1282 1845 1431 1924 labi
1508 1780 1951 1947 cgeperunt.
2062 1777 2297 1921 Cive?
2349 1847 2539 1922 lucri

369 1942 759 2018 dulcedine
811 1943 1058 2020 allecti
1108 1948 1218 2020 rei
1267 1947 1682 2020 maritimae
1732 1946 1810 2019 et
1858 1946 2328 2019 mercaturae
2360 1969 2542 2045 ope-

367 2067 527 2114 ram
579 2039 858 2115 dabant
882 2047 995 2137 ⁶),
1043 2042 1252 2117 multi
1299 2045 1770 2118 mercenaria
1832 2041 2096 2117 militia.
2149 2039 2351 2141 apud
2403 2066 2542 2116 ex-

369 2140 583 2211 teros
635 2140 1024 2241 quaestum
1074 2135 1456 2214 faciebant
1480 2139 1589 2236 ⁷),
1637 2165 1782 2214 nec
1883 2138 2054 2213 auci
2103 2144 2344 2233 erant,
2415 2142 2543 2239 qui

367 2237 761 2353 piraticam
812 2239 1265 2311 exercerent
1289 2239 1384 2336 ⁸).
1459 2239 1655 2311 Hinc
1705 2238 1784 2312 et
1888 2257 2207 2311 cnorum
2257 2259 2544 2310 summa

367 2332 897 2432 inaequalitas,
979 2336 1056 2406 et
1126 2360 1404 2430 magna
1485 2332 1904 2406 divitiarum
1984 2335 2401 2406 aestimatio
2430 2337 2540 2428 ⁹)=

363 2432 751 2528 peregrini
833 2432 910 2503 in
989 2430 1359 2506 civitatem
1427 2429 1777 2523 admissi,
1851 2454 2107 2504 mores
2178 2431 2542 2504 contami-

367 2528 665 2619 nati¹⁰),
715 2528 1102 2625 imperium
1155 2527 1474 2628 denique
1525 2524 1622 2601 ab
1657 2528 1959 2625 optimis
1990 2524 2085 2600 ad
2128 2525 2543 2601 multitudi-
2587 2529 2594 2539 ”

366 2647 534 2696 nem
583 2622 1063 2714 translatum,
1117 2629 1356 2697 omnis
1407 2651 1533 2698 res
1580 2622 1886 2723 publica
1935 2625 2012 2696 in
2046 2622 2544 2699 concionibus

370 2716 614 2818 plebis
640 2716 957 2793 arbitrio
1001 2718 1548 2817 administrata,
1598 2717 1805 2794 nulla
1853 2723 1988 2795 aut
2035 2724 2321 2821 exigua
2368 2748 2542 2797 cos·

292 2992 296 2996 <
509 2957 566 3026 l)
605 2960 698 3015 Cl'.
733 2961 959 3018 Hoeck.
994 2974 1053 3030 p.
1089 2964 1199 3021 449
1231 2983 1354 3039 sqq.
1426 2965 1796 3036 Peregrinari
1831 2964 2074 3033 civibus,
2108 2970 2265 3021 certe
2300 2965 2546 3019 iuniori·

366 3029 493 3100 bus,
529 3050 652 3086 non
686 3031 918 3088 licuisse
946 3035 1118 3091 Plato
1156 3048 1399 3091 testatur
1432 3039 1668 3108 Protag.
1706 3057 1763 3111 p.
1798 3038 1908 3091 342
1944 3040 2019 3091 D.

512 3135 572 3205 2)
609 3138 850 3194 Βοσὶιᾶ.
888 3138 929 3194 1.
965 3140 1007 3196 1.
1082 3141 1174 3199 Cf.
1206 3127 1499 3198 flet-dclii.
1538 3161 1590 3201 e.
1622 3143 1663 3199 3
1698 3150 1842 3197 extr.

511 3242 572 3308 3)
609 3245 787 3299 Pauci
826 3256 1345 3303 commemorantur
1390 3252 1699 3305 Cretenses
1748 3246 2072 3321 sculptores
2120 3253 2181 3302 et
2211 3244 2541 3304 architectis

367 3313 471 3368 sed
507 3333 644 3368 num
678 3318 933 3372 Doricae
969 3322 1162 3394 stirpis
1199 3322 1415 3377 fuerint
1452 3340 1525 3376 cn
1566 3339 1641 3375 ex
1671 3320 1909 3388 ὑπηκόοις
1940 3340 2061 3375 non
2096 3327 2340 3376 constat.

510 3421 574 3489 4)
614 3421 706 3476 Cf.
747 3422 1004 3493 liybriae
1040 3426 1282 3482 scolion.
1320 3447 1410 3501 ap.
1444 3428 1656 3483 Athen.
1692 3428 1817 3481 XV
1852 3447 1907 3504 p.
1944 3427 2070 3484 696·
2117 3465 2125 3476 ι

510 3526 578 3596 5)
619 3531 832 3583 Carere
876 3530 1215 3586 adventiciis
1261 3534 1548 3588 mercibus
1593 3540 1828 3607 propter
1871 3532 1982 3588 soli
2028 3542 2289 3589 naturam
2337 3536 2541 3590 Crete·

366 3618 486 3654 non
539 3608 808 3672 poterant
858 3601 1005 3668 (vid.
1055 3604 1277 3658 lioeck.
1330 3617 1381 3672 Ρ.
1429 3610 1539 3661 425
1583 3626 1708 3680 sqq.
1760 3613 1820 3661 et
1854 3605 2032 3676 uz),
2078 3608 2182 3661 sed
2218 3618 2543 3662 mercatura

366 3675 519 3726 sicut
556 3673 786 3744 opificia
821 3671 975 3727 baud
1015 3675 1189 3730 dubie
1226 3694 1262 3729 a
1295 3677 1540 3731 Munitis
1578 3677 1972 3732 tractabantur
2010 3687 2068 3733 et
2098 3677 2347 3745 t‘mqmiuc.
2423 3755 2426 3764 .

504 3773 569 3847 s)
609 3779 701 3840 ct,
737 3778 961 3833 nocent.
997 3800 1051 3853 p.
1087 3781 1214 3837 447.

510 3881 572 3953 7)
611 3884 878 3955 'l'bucyd-
917 3885 1025 3952 vl,
1063 3888 1149 3941 25.
1183 3888 1327 3955 Vn,
1362 3890 1451 3943 57.
1503 3890 1699 3944 Strab.
1736 3893 1800 3945 X
1833 3911 1889 3963 p.
1927 3892 2051 3945 477.
2109 3890 2235 3945 Liv.
2271 3890 2539 3958 XXXV,

364 3954 451 4010 28.
485 3957 572 4010 29.
607 3958 794 4024 xml,
829 3959 917 4011 35.
953 3958 1166 4021 xum,
1201 3960 1238 4013 9
1274 3970 1333 4013 et
1369 3959 1443 4013 al.
1482 3980 1633 4034 pass.
1709 3962 1802 4017 of.
1839 3960 2538 4032 Schweighaeus.ad1’o·

364 4025 484 4098 lyb.
526 4029 630 4095 W,
664 4030 753 4094 55,
788 4029 839 4081 5.
896 4028 1119 4081 Hoeck.
1156 4050 1211 4104 p.
1249 4031 1351 4086 461
1392 4050 1478 4104 sq.

507 4130 573 4202 8)
609 4136 801 4188 Strsb.
833 4136 897 4188 X
931 4154 985 4208 p.
1018 4136 1144 4192 477.
1197 4137 1289 4193 ef.
1321 4137 1581 4191 Boeckb.
1619 4141 1794 4211 corp.
1828 4142 2009 4194 lusor.
2043 4138 2107 4193 11
2140 4159 2197 4211 p.
2230 4137 2356 4195 414.

505 4238 566 4307 9)
608 4240 810 4313 Polyb.
848 4242 955 4312 VI,
990 4242 1080 4309 46,
1116 4244 1169 4298 2.
1205 4245 1262 4300 3.

503 4342 603 4415 10)
637 4346 729 4406 Id.
764 4347 844 4403 ib.
884 4354 945 4403 et
977 4347 1073 4405 all.
1111 4367 1201 4423 ep.
1240 4352 1461 4410 Mem-⁸.
1496 4373 1551 4426 p.
1596 4353 1701 4409 231
1738 4374 1861 4429 sqq.
1932 4353 2155 4411 Hoeck.
2194 4353 2378 4425 pat-'95
2403 4371 2528 4426 sqq.
