3067 4975
1174 352 1690 453 Prooemium.
2017 353 2026 360 ’
2481 354 2528 421 3

339 535 657 611 alterum
701 559 975 632 genus,
1023 530 1485 608 uberrimum
1531 528 1714 606 illud
1778 528 2158 634 longeque
2226 538 2522 632 gravis-

339 640 643 725 simum,
679 657 815 705 eae
866 630 1013 705 sibi
1066 629 1505 730 disciplinae
1559 628 1962 721 vindicant,
2017 657 2209 730 quae
2242 636 2313 703 in
2346 633 2521 705 reli-

335 732 721 831 gionibus,
771 727 1278 828 philosophia,
1328 726 1600 801 litteris
1630 724 2069 827 artibusque
2103 728 2521 825 elegantio-

337 830 551 901 ribus
586 825 1146 924 cognoscendis
1178 830 1617 899 versantur:
1670 830 1909 898 restat
1935 832 2167 922 igitur
2194 833 2519 918 tertium,

338 926 542 1026 qnod
594 920 1169 1024 antiquitatibus
1219 920 1754 997 demandemus
1805 922 2298 997 tractandum.

1320 1087 1387 1165 §-
1437 1074 1536 1149 11.

475 1204 934 1281 versabitur
985 1232 1176 1305 crgo
1229 1206 1758 1306 antiquitatum
1814 1204 2232 1306 disciplina,
2296 1236 2515 1310 qnam

334 1305 633 1408 quidem
685 1332 828 1377 nos
877 1304 1360 1404 profitemur,
1424 1309 1499 1377 in
1565 1305 1933 1378 societate
2000 1308 2197 1379 civili
2248 1310 2515 1387 rebus-

288 1417 475 1505 ‘qne
541 1400 865 1502 publicis
948 1426 1171 1504 quam
1233 1401 1399 1474 fieri
1470 1405 1730 1500 potest
1803 1404 2367 1480 accuratissime
2442 1420 2519 1487 et

324 1500 759 1600 planissime
866 1499 1376 1599 roponendis3
1444 1498 1645 1599 quod
1714 1508 2241 1596 argumentum
2294 1530 2516 1604 quam

328 1598 540 1672 arcte
591 1623 757 1670 cum
811 1528 1133 1670 liistoria
1187 1601 1665 1686 coniunctum
1718 1601 1817 1669 sit
1866 1603 2235 1673 neminem
2289 1604 2513 1704 sugit.

324 1698 442 1769 Ne
500 1723 592 1769 ue
640 1699 833 1768 enim
877 1722 1003 1767 res
1032 1697 1327 1793 gestae,
1382 1720 1568 1794 quas
1613 1693 1930 1767 historia
1972 1708 2253 1791 narrat,
2306 1710 2515 1779 recte

321 1722 643 1891 intffl2igi
711 1795 1138 1891 causaeque
1206 1818 1455 1865 rerum
1529 1797 1608 1864 et
1669 1795 1983 1864 eventus
2043 1801 2372 1896 perspici
2438 1810 2515 1876 et

322 1889 642 1964 iudicari
699 1899 1020 1987 possunt
1071 1893 1215 1961 nisi
1280 1887 1557 1962 idonea
1619 1892 1840 1961 etiam
1895 1897 2140 1965 status
2187 1897 2554 1995 populo-⁸

318 1993 485 2062 rum
554 1992 830 2060 interni
895 2015 984 2060 ac
1048 1990 1158 2059 rei
1221 1985 1576 2085 publicae
1642 1990 1912 2059 notitia
1972 1986 2373 2089 afferatur,
2440 2005 2517 2072 et

318 2111 573 2160 rerum
621 2080 1094 2183 publicarum
1144 2082 1391 2157 forma
1444 2086 1521 2158 et
1573 2087 1949 2178 condicio,
2018 2114 2040 2157 ε
2071 2092 2294 2189 nippe
2360 2121 2513 2168 non

315 2209 469 2256 una
519 2208 816 2279 semper
868 2189 945 2255 et
995 2180 1513 2272 immutabilis,
1577 2179 1713 2255 sed
1781 2181 1932 2254 alia
1996 2115 2163 2258 aliis
2218 2193 2511 2291 tempo-

316 2279 572 2374 ribuS‚
632 2282 999 2353 illustrari
1063 2283 1140 2353 et
1200 2278 1568 2377 explicari
1633 2305 1784 2350 non
1851 2284 2112 2377 potest
2172 2289 2335 2362 sine
2386 2317 2508 2363 rc-

314 2404 480 2451 rum
532 2382 759 2477 atque
814 2379 1236 2468 eventuum,
1289 2373 1486 2449 uude
1527 2373 1703 2449 illae
1749 2384 2205 2455 mutationes
2251 2389 2508 2460 oriun-

313 2480 466 2569 tur,
518 2477 997 2574 cognitione:
1051 2478 1135 2548 ut
1183 2472 1406 2574 plane
1459 2471 1709 2548 divelli
1761 2475 2079 2551 alterum
2133 2478 2231 2554 ab
2266 2483 2509 2560 altero

313 2577 482 2673 ipsa
528 2578 923 2673 utriusque
978 2577 1173 2646 ratio
1228 2575 1306 2646 et
1368 2574 1641 2645 natura
1695 2599 1847 2646 non
1915 2578 2140 2651 sinat.
2245 2581 2510 2658 Perse-

316 2682 511 2744 ctam
559 2674 798 2769 igitur
852 2668 1347 2772 omnibusque
1400 2673 1731 2743 numeris
1775 2668 2200 2759 absolutam
2229 2677 2510 2754 doctri-

313 2794 489 2841 nam
541 2771 790 2842 animo
842 2769 1257 2843 informare
1308 2767 1490 2841 licet
1541 2767 1802 2862 talem,
1875 2796 2067 2871 quae
2120 2772 2508 2853 historiam

310 2874 403 2941 et
443 2868 928 2965 antiquitates
977 2893 1131 2940 una
1177 2864 1765 2964 complectatur,
1830 2894 2381 2975 causarumque
2433 2882 2511 2951 et

309 2972 706 3039 eventuum
779 2968 1139 3037 contiuua
1216 2969 1414 3038 serie
1483 2960 1938 3063 explicanda
2019 2975 2348 3045 omnium
2428 2972 2540 3048 inr

308 3067 634 3163 utroque
682 3085 972 3157 genere
1025 3086 1277 3135 rerum
1332 3065 1886 3138 connexionem
1924 3070 2243 3163 aperiat.
2345 3071 2509 3148 Sed

304 3158 383 3235 id
447 3185 597 3260 quo
663 3162 907 3232 minus
975 3157 1174 3233 effici
1236 3185 1285 3232 a
1349 3155 1576 3232 nobis
1637 3162 1713 3232 in
1780 3164 2117 3238 veterum
2179 3169 2507 3265 populo.

305 3283 472 3332 rum
525 3255 846 3330 historia
892 3258 1167 3355 possit,
1219 3280 1446 3357 quum
1497 3255 1691 3331 aliae
1743 3283 2015 3334 causae
2066 3265 2508 3364 impediunt,

306 3363 462 3430 tum
512 3352 700 3429 haec
748 3356 1116 3452 imprimis
1135 3406 1158 3447 ‚
1226 3353 1430 3454 quod
1482 3355 1972 3453 plurimarum
2033 3385 2288 3435 rerum
2350 3392 2505 3442 me-

306 3456 552 3528 moria
615 3460 744 3525 aut
808 3477 1130 3550 prorsus
1189 3455 1616 3552 intercepta
1686 3464 1811 3527 aut
1878 3458 1985 3526 ita
2046 3460 2297 3533 tamen
2366 3460 2507 3538 ol)-

305 3559 611 3626 scurata
664 3551 804 3643 est,
870 3555 956 3625 ut
1006 3577 1203 3652 quo·
1262 3554 1998 3652 uaeque‘pertineat
2060 3581 2343 3655 quaeve
2410 3566 2510 3635 sit

302 3653 506 3725 inter
557 3675 690 3722 eas
742 3655 1124 3722 connexio
1177 3579 1403 3749 pqane
1456 3648 1778 3746 intelligi
1831 3675 1984 3722 non
2049 3659 2342 3750 possit:
2410 3685 2505 3736 ne

307 3746 551 3822 dicam
601 3744 877 3821 nullam
931 3749 1221 3820 tantum
1275 3772 1444 3820 esse
1497 3744 1868 3822 humanae
1919 3749 2191 3822 mentis
2235 3760 2504 3850 aciem,

304 3870 499 3945 quae
551 3848 775 3917 etiam
829 3850 905 3916 in
956 3841 1390 3941 plenissima
1446 3847 1894 3944 minimeque
1961 3844 2321 3925 oblittera
2380 3854 2538 3931 re-⁴

301 3969 468 4017 rum
521 3945 845 4023 omnium
901 3947 1265 4017 memoria
1314 3940 1517 4015 illam
1572 3967 1796 4043 quam
1862 3941 2023 4016 dixi
2077 3956 2503 4026 {counexio-

268 4065 471 4114 ›nem
525 4038 766 4112 ubivis
818 4043 1254 4138 perspicere
1304 4037 1577 4114 valeat.
1679 4040 1795 4112 Ita
1855 4038 1944 4113 fit
1991 4049 2076 4115 ut
2125 4046 2328 4123 etin
2378 4075 2504 4126 re..

301 4249 491 4284 rerum
530 4229 891 4301 publicarum
927 4237 1139 4285 statum
1181 4237 1239 4285 et
1286 4230 1687 4284 condicionem
1733 4234 2261 4302 pertincant,·non
2310 4245 2503 4293 tamen

300 4309 609 4375 propterea
648 4305 818 4356 etiam
857 4302 1283 4374 technologiam
1321 4309 1585 4358 veterum
1627 4323 1694 4358 ac
1730 4305 1947 4359 similes
1999 4308 2330 4382 disciplinas
2376 4310 2502 4384 phi·

299 4375 482 4444 lologi
523 4393 648 4428 csse
688 4374 960 4429 dicemuS.
1970 4452 2009 4520 l
2035 4455 2071 4494 .
