3067 4975
670 1186 886 1271 lv.
951 1187 1060 1276 1.
1116 1176 1309 1275 Ile
1364 1189 2193 1292 spartanorum
2242 1211 2381 1278 re
2432 1213 2645 1295 pu-

1474 1326 1836 1413 blica.

1565 1642 1629 1722 §.
1668 1632 1728 1709 I.

555 1725 914 1859 Dorica
982 1809 1178 1883 gens
1255 1760 1820 1887 antiquissimas
1896 1784 2120 1862 sedes
2195 1789 2273 1861 in
2336 1785 2737 1866 Thessalia

550 1892 910 1971 hahuisse
961 1895 1261 1992 dicitur,
1309 1896 1443 1973 uhi
1494 1925 1597 1974 ex
1641 1898 2081 1975 Phthiotide
2130 1903 2206 1974 in
2256 1894 2733 1979 Hestiaeotin

551 1995 632 2066 et
680 1992 777 2067 ad
806 1993 1029 2094 Olym
1080 2021 1204 2068 um
1240 1996 1669 2098 fissamque
1697 2006 1993 2072 montes
2024 2002 2514 2090 concesserit,
2566 1998 2734 2075 hinc

551 2097 802 2164 antem
841 2022 1160 2189 expullsa
1193 2090 1289 2168 ad
1312 2092 1642 2167 Pindum
1676 2120 1766 2168 ac
1794 2091 2152 2193 deinceps
2181 2094 2451 2170 relicta
2485 2094 2733 2171 Thes-

550 2184 743 2260 salia
791 2189 996 2261 circa
1046 2214 1211 2261 eam
1274 2193 1670 2286 regionem
1743 2188 2214 2284 consederit,
2276 2217 2475 2295 quae
2536 2197 2736 2268 inter

547 2283 822 2357 Oetam
875 2288 953 2358 et
999 2284 1466 2359 Parnassum
1517 2283 1617 2360 ah
1671 2288 1837 2385 ipsa
1887 2286 2205 2361 Doridis
2268 2314 2542 2363 nomen
2609 2316 2734 2364 ac-

545 2383 745 2478 cepit
774 2381 865 2477 ¹).
967 2383 1323 2455 Ceterum
1377 2381 1680 2457 admisti
1728 2387 1805 2458 in
1854 2383 2372 2459 Hestiaeotide
2404 2388 2732 2461 Dorien-

542 2475 759 2552 sihns
809 2477 1264 2554 Heraclidae
1368 2479 1813 2555 erhihentur
1862 2477 2418 2583 adoptatusque
2469 2509 2516 2557 a
2545 2510 2732 2584 rege

538 2577 888 2673 Aegimio
951 2573 1224 2675 Hyllus
1361 2577 1639 2651 erculis
1692 2577 1905 2675 ,filius
1933 2579 2046 2676 ²),
2125 2578 2263 2652 ahs
2344 2604 2499 2681 quo
2578 2607 2734 2655 una

428 2727 439 2730 -
539 2673 799 2771 gentis
849 2670 1094 2745 trihus
1143 2671 1661 2773 Hylleensium
1708 2677 2011 2749 nomine
2072 2674 2493 2775 appellata:
2552 2675 2730 2751 reli-

542 2792 739 2868 quae
790 2768 1180 2868 Dymanes
1229 2768 1534 2843 fuerunt
1587 2777 1664 2845 et
1709 2769 2114 2870 Pamphyli
2142 2775 2224 2859 3).
2277 2817 2371 2831 -
2438 2775 2529 2849 In
2578 2775 2730 2850 Pe-

536 2862 1033 2963 loponnesum
1084 2871 1487 2967 postquam
1535 2866 1943 2941 identidem
1993 2850 2283 2941 frustra
2308 2873 2543 2943 irrum
2600 2896 2729 2946 ere

541 2965 793 3035 conati
830 2965 1097 3060 Qt,
1147 2960 1448 3037 tandem
1475 2968 1949 3064 octogesimo
1979 2968 2283 3039 circiter
2319 2975 2495 3068 post
2573 2969 2726 3042 'ro-

676 3165 741 3238 l)
780 3169 1063 3223 Herodot.
1098 3169 1144 3237 Ι,
1180 3171 1274 3225 56.
1327 3169 1528 3223 Strah.
1564 3170 1676 3234 lx,
1712 3167 1768 3227 ὅ.
1829 3189 1889 3240 Ρ.
1922 3169 2052 3226 437.
2106 3172 2188 3235 X,
2222 3170 2261 3225 4
2298 3190 2357 3244 p.
2394 3171 2523 3229 475.
2583 3171 2725 3228 Lar-

534 3238 686 3293 cher.
725 3238 798 3292 ad
833 3241 1048 3295 Herod.
1084 3242 1236 3297 Vm
1269 3261 1325 3315 Ρ.
1361 3242 1486 3296 258.
1539 3238 1721 3297 Beck.
1759 3239 2133 3311 Weltgesch.
2184 3244 2217 3296 1
2249 3262 2308 3316 Ρ.
2345 3242 2474 3299 826.
2529 3243 2724 3300 Muel-

528 3307 633 3364 ler.
668 3313 810 3369 Dor.
847 3314 877 3364 1
913 3330 970 3383 p.
1009 3313 1078 3370 17
1116 3331 1241 3388 sqq.
1280 3311 1632 3368 Lachmann.
1673 3312 1744 3365 de
1785 3312 2056 3384 Spartan.
2095 3332 2161 3367 re
2194 3312 2355 3385 puhl-
2393 3332 2453 3387 p.
2491 3315 2565 3369 89
2600 3333 2726 3388 sqq.

670 3413 737 3490 2)
775 3404 1014 3472 medor.
1049 3419 1098 3485 1,
1136 3419 1212 3473 ss
1248 3416 1383 3473 σου.
1418 3419 1509 3474 37.
1562 3416 1753 3473 Aliter
1788 3418 1987 3472 strat.
2022 3419 2135 3485 lx,
2168 3418 2207 3473 4
2242 3438 2296 3492 p.
2338 3418 2445 3474 427
2520 3422 2582 3476 ui
2617 3418 2722 3473 aa·

440 3547 443 3550 .
526 3494 757 3546 iunctos
796 3487 1136 3546 Heraclidas
1171 3492 1234 3542 in
1270 3489 1493 3542 Doride
1531 3488 1826 3560 perhibet,
1874 3488 2171 3562 Ephorum
2209 3488 2366 3544 haud
2413 3490 2490 3545 du
2530 3492 2587 3544 ie
2629 3511 2724 3545 se-

529 3570 756 3635 quutus.
826 3561 950 3616 Vid
987 3558 1160 3616 huius
1197 3560 1399 3629 fragm.
1439 3579 1473 3613 a
1514 3597 1530 3613 .
1570 3558 1774 3632 Steph.
1811 3562 1958 3635 Byz.
1995 3581 2056 3614 v.
2090 3561 2277 3631 Δυμᾶν
2311 3568 2371 3615 et
2406 3579 2494 3635 ap.
2512 3564 2719 3617 Meier.

523 3635 697 3688 Marx
731 3651 787 3703 Ρ.
825 3634 898 3689 95
933 3651 1022 3721 sq.
1097 3633 1372 3685 Ceterum
1419 3650 1450 3686 c
1476 3668 1492 3685 .
1540 3633 1735 3720 flexu:
1775 3632 1849 3684 ad
1897 3631 2237 3720 Apollodor.
2272 3633 2500 3757 ἪΙ195,
2552 3643 2610 3688 et
2646 3632 2719 3687 de

523 3705 777 3759 Hercule
815 3706 1036 3759 Dorico
1072 3720 1196 3757 non
1233 3702 1437 3757 eodem
1475 3702 1548 3757 ah
1589 3721 1815 3773 orzgms
1850 3721 1983 3758 cum
2005 3702 2267 3758 Achaico
2356 3704 2555 3758 ueller.
2572 3707 2716 3760 Dor.

524 3777 557 3832 1
590 3795 644 3849 Ρ.
676 3776 749 3829 49
785 3794 913 3850 sqq.

660 3877 728 3951 3)
768 3881 1052 3937 Herodot.
1088 3881 1170 3947 V,
1208 3880 1280 3936 68
1313 3880 1396 3934 ihi
1438 3917 1453 3933 .
1479 3876 1698 3933 Valck.
1722 3877 1980 3934 Boeckh.
2009 3878 2300 3952 explieatt.
2319 3879 2493 3935 Pind.
2507 3902 2563 3953 Ρ.
2584 3882 2713 3940 234.

523 3954 695 4025 corp.
732 3954 912 4005 Inscr.
951 3954 984 4006 1
1018 3970 1078 4024 Ρ.
1116 3952 1245 4007 579.
1279 3954 1421 4006 Mne
1445 3951 1552 4004 ler.
1588 3951 1731 4005 Dor.
1770 3952 1831 4004 11
1864 3971 1922 4023 Ρ.
1959 3951 2046 4006 75.
2120 3949 2573 4021 Pamphylorum
2612 3956 2715 4007 tri-

520 4024 661 4077 bum
699 4042 731 4076 e
768 4025 1059 4077 variarum
1108 4025 1375 4094 stirpium
1423 4022 1683 4089 advenis,
1760 4025 1820 4075 ui
1870 4041 2000 4078 cnm
2048 4021 2434 4077 Doriensihus
2482 4023 2715 4079 coalue-

521 4099 655 4160 rint,
704 4098 960 4148 extitisse
1011 4112 1229 4147 nomen
1273 4098 1459 4167 ipsum
1510 4092 1685 4146 fidem
1757 4095 1897 4148 acit=
1945 4094 2047 4147 sed
2096 4101 2164 4147 ut
2206 4091 2356 4147 hanc
2402 4095 2613 4149 tribum
2648 4098 2713 4149 in

518 4167 929 4238 Peloponneso
972 4166 1201 4220 demum
1242 4169 1448 4219 ceteris
1498 4165 1753 4218 additam
1803 4164 2103 4236 credamus
2162 4182 2289 4218 cum
2337 4165 2712 4221 Lachmanno

519 4239 558 4292 1.
594 4238 635 4292 l.
680 4258 732 4309 p.
773 4239 907 4306 103,
977 4255 1155 4290 causa
1201 4238 1368 4290 nulla
1416 4243 1523 4293 est.
1595 4236 1841 4291 Rectius
1885 4238 2088 4291 statuit
2134 4236 2201 4288 G.
2239 4236 2307 4291 F.
2345 4239 2710 4294 Hei-mannus

520 4311 655 4364 diss.
699 4310 768 4363 de
807 4311 998 4362 causis
1038 4308 1306 4361 turbatae
1345 4328 1379 4361 a
1418 4308 1497 4363 ud
1533 4307 2027 4365 Lacedaemon-ios
2066 4325 2343 4383 agrorum
2392 4309 2706 4385 aequalita-

518 4386 593 4435 tis
632 4378 966 4452 (Mai-burg.
1006 4377 1202 4452 1834.)
1237 4400 1293 4455 Ρ.
1331 4328 1419 4437 lg.
2353 4386 2362 4395 ’
