3067 4975
603 349 752 423 208
1008 346 1088 418 V.
1137 345 1258 417 De
1307 368 1397 417 re
1432 343 1755 444 publica
1804 344 2399 425 Atheniensium.
2472 447 2477 460 ι

605 514 968 620 ducentae
1011 529 1182 602 iura
1230 521 1685 626 pertinebat.
1785 529 1896 601 Ac
1955 525 2057 604 'de
2125 524 2241 604 bis
2306 527 2608 627 quidem
2664 557 2831 604 su-.

601 655 745 732 pra
795 629 983 697 satis
1035 621 1314 698 dictum
1364 627 1481 695 est
1506 627 1610 716 ⁶),
1663 621 1757 699 ale
1807 629 2051 700 sacris
2103 631 2352 701 autem
2403 653 2795 725 exponere

605 750 758 798 non
827 729 946 795 est
1007 722 1250 795 nostri
1317 720 1609 794 consilii
1638 722 1728 811 ⁷).
1851 722 2612 799 Commemorandum
2674 727 2791 797 ta-

610 846 781 897 men
864 827 981 892 est
1053 820 1116 888 A
1174 819 1591 890 aturiorum
1668 815 1986 912 festum,
2063 821 2414 895 omnihus
2492 823 2793 896 lonicae

605 920 865 1017 stirpis
914 844 1216 1014 populis
1259 938 1676 1007 commune,
1730 915 1933 1017 quod
1968 914 2279 991 Athenis
2311 943 2565 991 mense
2592 919 2656 990 P
2713 945 2794 1010 a·

606 1019 978 1115 nepsione
1032 1039 1077 1085 a
1127 1009 1449 1108 singulis
1499 1010 1865 1110 phratriis
1915 1039 2054 1112 per
2113 1014 2443 1088 triduum
2491 945 2792 1111 ‘ageba-

605 1117 755 1187 tur.
856 1113 1096 1183 Huius
1147 1111 1363 1181 enim.
1396 1106 1516 1181 die
1582 1112 1844 1198 tertio,
1910 1113 2036 1209 qui
2096 1121 2431 1203 κουρεῶτις
2494 1108 2795 1204 dicitnr,

576 1223 700 1285 ‘ea
750 1212 961 1284 cuius
1012 1232 1240 1305 supra
1288 1209 1743 1280 mentionem
1797 1206 2110 1282 fecimus
2159 1211 2558 1307 inscriptio
2608 1207 2795 1283 libe·-

606 1333 865 1383 rorum
913 1300 1402 1403 parvulorum
1470 1306 1546 1375 in
1599 1302 2045 1401 phratorum
2097 1314 2470 1378 conventu
2521 1308 2795 1404 peragi

606 1402 925 1480 solebat.
1052 1396 1402 1473 Tabulae
1475 1398 1923 1497 phratorum
2020 1406 2100 1473 τὸ
2194 1407 2415 1471 κοινὸν
2487 1429 2551 1476 ν.
2618 1431 2795 1495 φρα-

599 1507 852 1596 τορικὸν
894 1511 1332 1591 γραμματεῖον
1378 1494 1730 1570 dicuntur
1756 1499 1851 1591 ⁸).
1953 1497 2508 1596 Adoptivorum
2543 1501 2793 1572 etiam

603 1597 1031 1673 adultorum
1099 1596 1635 1692 inscriptiones
1710 1598 1932 1668 etiam
2011 1594 2181 1669 aliis
2258 1620 2794 1696 nonnunquam

600 1689 1071 1794 temporibus
1118 1686 1406 1764 fiebant
1431 1693 1526 1785 9).
1631 1691 1867 1779 Quod
1921 1696 2170 1767 autem
2221 1692 2562 1768 nonnulli
2630 1719 2793 1785 eos,

602 1798 729 1895 qui
780 1788 1073 1893 parvuli
1134 1791 1474 1887 inscripti
1538 1792 1832 1881 essent,
1894 1794 2300 1890 postquam
2363 1790 2456 1864 ad
2508 1787 2791 1889 puber-

602 1898 833 1965 tatem
882 1887 1411 1986 pervenissent
1460 1889 1762 1959 circiter
1828 1890 2089 1986 quinto
2159 1886 2449 1960 decimo
2519 1889 2794 1960 aetatis

600 2013 804 2062 anno
856 1990 1127 2059 iterum
1173 1982 1738 2079 producendos,
1789 1981 2334 2060 examinandos
2396 1994 2472 2059 et
2531 1989 2607 2057 in
2675 1988 2785 2056 ta-

600 2083 801 2160 bulis
865 2079 1308 2183 quibnsdam
1372 2077 1906 2153 inscribendos
1969 2079 2203 2162 fuisse
2266 2080 2565 2174 volunt,
2650 2080 2791 2154 bac

605 2181 698 2256 de
751 2207 859 2271 re,
915 2203 1138 2279 quum
1190 2180 1491 2251 vetem-s
1539 2174 1998 2278 probatique
2051 2180 2285 2251 testes
2311 2178 2606 2268 sileant,
2660 2205 2793 2250 no-

601 2279 723 2354 bis
777 2304 926 2362 non
956 2279 1144 2347 satis
1184 2272 1470 2373 liquere
1497 2272 2081 2373 profitemini-¹⁰).
2126 2318 2205 2328 --
2261 2276 2536 2349 Restat
2565 2299 2791 2348 unum

604 2376 1051 2477 phratorum
1112 2368 1478 2465 osticium,
1543 2375 1669 2465 ut,
1745 2375 1810 2443 si
1865 2377 2033 2472 quis
2115 2368 2517 2447 homicidio
2597 2376 2791 2448 inte-

600 2477 941 2573 remptus
995 2472 1226 2564 esset,
1278 2472 1770 2570 persequenti
1837 2469 2146 2544 caedem
2207 2473 2639 2572 propinquo
2713 2473 2789 2543 in

599 2571 879 2648 iudicio
947 2567 1338 2661 adessent,
1416 2572 1740 2666 itemque
1803 2571 1870 2641 si
1950 2567 2224 2642 caedes
2284 2568 2793 2642 involuntaria

601 2666 980 2770 expianda
1033 2673 1260 2757 esset,
1314 2691 1558 2766 neque
1609 2663 1938 2758 adesset,
1986 2669 2115 2765 qui
2142 2669 2474 2739 occisum
2499 2692 2789 2764 cogna-

598 2772 806 2840 tione
858 2767 1355 2860 contingeret,
1409 2762 1815 2862 phratores
1869 2766 2332 2860 expiationis
2397 2768 2545 2836 ritu
2616 2762 2788 2837 sun-

599 2862 1111 2962 gerenlu1·¹¹).
1213 2858 1593 2933 Curandis
1645 2857 2165 2932 communibus
2195 2864 2523 2958 negotiis
2567 2886 2789 2959 prae-

600 2965 847 3036 fectos
927 2957 1312 3059 phratriae
1378 2953 1796 3047 habebant,
1878 2955 2264 3055 suffragiis
2342 2956 2789 3057 phratorum

601 3063 929 3134 creatoS.
1035 3056 1129 3128 [li
1181 3053 1686 3154 phratriarclni
1740 3052 2185 3128 dicebantur
2218 3053 2335 3145 ¹²).

611 3188 785 3198 ——-·-——

849 3228 986 3281 vid.
1060 3267 1075 3282 .
1114 3226 1204 3281 19.

743 3226 808 3385 ἓξ
841 3321 932 3371 De
983 3222 1074 3370 hi§s
1123 3320 1186 3369 in
1230 3303 1596 3378 universum,
1635 3320 1693 3368 et
1726 3316 1891 3386 impr.
1933 3313 2005 3368 de
2041 3316 2338 3387 Apaturii:
2376 3316 2632 3368 Meierus
2667 3321 2784 3369 tam

601 3390 907 3460 diligenter
944 3389 1232 3453 disseruit,
1273 3394 1339 3445 ut
1375 3385 1449 3438 ad
1486 3383 1643 3439 hunc
1681 3405 1860 3440 unum
1898 3386 2148 3441 lectores
2185 3389 2480 3441 remittere
2515 3389 2655 3441 satis
2689 3392 2786 3452 sit,

601 3465 674 3517 de
709 3469 865 3532 gent.
900 3466 1022 3523 Att.
1061 3480 1116 3532 Ρ.
1161 3461 1226 3514 11
1252 3486 1313 3498 -
1342 3459 1425 3513 14.

744 3568 800 3630 8)
836 3570 981 3622 Isae-
1044 3565 1116 3619 de
1174 3562 1369 3636 Apoll.
1417 3562 1539 3616 ber.
1585 3560 1642 3628 ᾧ.
1691 3564 1721 3618 l
1771 3572 1830 3618 et
1875 3566 1963 3620 17.
2013 3562 2314 3618 Demostb.
2361 3566 2421 3617 in
2470 3563 2681 3619 Leooh.
2732 3585 2789 3637 p.

603 3643 743 3696 1092
783 3647 924 3693 extr.
966 3640 1245 3710 Harpocr.
1287 3635 1451 3688 Suid.
1491 3634 1661 3690 Pbot.
1700 3655 1744 3690 s.
1782 3655 1842 3689 v.
1881 3633 2053 3691 κοινὸν
2083 3639 2459 3711 γραμματεῖον.

741 3746 808 3816 9)
845 3751 992 3802 Isae.
1011 3747 1145 3800 deA
1155 3742 1293 3816 poll.
1305 3742 1424 3796 ber.
1441 3742 1491 3807 §.
1513 3744 1577 3797 15
1605 3762 1653 3796 c.
1668 3761 1870 3797 comm.
1892 3764 1947 3815 p.
1962 3745 2086 3799 363.
2105 3741 2570 3814 Platner.Symb.
2588 3762 2643 3814 p.
2662 3743 2785 3798 150.
2831 3755 2836 3760 “

744 3833 843 3908 10)
892 3838 1020 3891 Vid.
1082 3835 1339 3889 Platner.
1399 3831 1501 3884 147
1536 3858 1603 3870 ——
1643 3831 1762 3885 149.
1812 3830 2070 3885 Boeckh.
2121 3851 2356 3904 prooem
2407 3834 2610 3885 aestiv.
2650 3850 2784 3886 ann.

606 3910 744 3964 1819
780 3929 835 3983 p.
876 3910 930 3962 4.
983 3910 1182 3962 Meier.
1220 3906 1290 3958 de
1335 3910 1490 3973 gent.
1535 3922 1593 3975 Ρ.
1649 3903 1729 3954 17.
1780 3906 1846 3958 C.
1881 3905 1948 3956 F.
1994 3905 2311 3958 Hermann·
2346 3906 2410 3957 in
2455 3905 2785 3961 Zimmerm.

604 3982 791 4035 diurn.
831 3984 1113 4052 antiquar.
1150 3997 1284 4031 ann.
1326 3975 1466 4029 1835
1503 3993 1560 4045 Ρ.
1604 3974 1762 4028 1141.

746 4086 841 4158 11)
883 4084 1175 4142 Demostb.
1223 4087 1285 4137 in
1329 4081 1572 4137 Maonrt.
1610 4098 1665 4152 Ρ.
1723 4079 1881 4149 1068,
1931 4081 2016 4135 27.
2061 4040 2263 4136 Meier.
2301 4079 2373 4133 de
2408 4086 2563 4151 gent.
2601 4101 2657 4154 Ρ.
2697 4082 2783 4137 18.

574 4161 741 4253 53⁸¹·
782 4160 913 4217 infr.
955 4179 1002 4216 e.
1040 4159 1090 4212 6.
1138 4153 1190 4228 §·
1226 4158 1316 4210 65.

682 4248 692 4263 ‘
745 4267 840 4334 12)
918 4256 1208 4320 ne’mosffi.
1243 4262 1315 4315 ’ῑιι
1363 4258 1577 4314 Bubul.
1620 4278 1677 4330 p.
1733 4258 1886 4324 1305,
1934 4258 2024 4311 η
2094 4259 2377 4331 narpoer.
2424 4258 2592 4313 said.
2643 4278 2689 4315 a.
2729 4279 2789 4314 v.

599 4341 859 4416 φράτορες.
902 4340 1042 4392 Lex.
1079 4340 1320 4405 Seguer.
1356 4354 1413 4406 p.
1446 4333 1574 4400 313,
1611 4330 1711 4384 ubi
1751 4337 1839 4383 est
1871 4333 2263 4405 φρατορίαρχος.
