3067 4975
1198 336 1641 435 Praefatub.
2471 348 2525 412 ,v
2606 306 2610 311 ’

331 527 817 611 Ηὶεωίτο·’ᾱθ
858 524 934 599 la
984 525 1445 603 civilisation
1495 524 1780 598 morale
1828 532 1903 593 et
1965 520 2356 618 religieuse
2391 523 2524 602 des

333 637 581 707 Grecs.
620 630 685 702 A
713 628 1147 717 Groningue
1193 621 1747 708 1833—1837.,
1798 643 1978 698 sero,
2015 635 2278 696 nactus
2331 646 2522 712 sum,

334 731 463 828 qui
488 733 684 803 Part.
721 727 798 799 II
829 736 1008 798 tom.
1040 733 1096 797 l·
1122 720 1217 793 de
1255 720 1441 799 iuris
1467 720 1798 810 gentium
1827 715 2028 815 apud
2051 723 2370 794 Graecos
2398 720 2526 792 ob-

334 825 777 901 servatione.
809 821 1109 916 copiose
1158 816 1478 897 disserit.
1584 813 1734 889 Sed
1790 815 1933 887 hoc
1996 815 2357 890 damnum
2423 820 2527 889 le-

333 911 1422 1019 viusputo‚.quandoquidem
1473 911 1568 988 de
1630 914 1801 990 iure·
1856 914 2021 1010 ipso
2069 915 2526 988 Brouwerus
2595 924 2599 934 ’

334 1021 528 1093 nihil
550 1012 1271 1102 'admodummabee
1319 1008 1522 1108 quod
1562 1021 1896 1084 nonant
1941 1009 2039 1083 ab
2091 1012 2261 1084 aliis
2312 1022 2443 1084 aut
2479 1031 2530 1082 a

338 1128 631 1190 memet.
665 1116 828 1211 ipso
880 1111 1310 1208 expositum
1358 1108 1505 1182 sitz.
1544 1107 1857 1199 neglecti
1905 1132 2082 1184 vero
2134 1121 2208 1181 et
2258 1107 2529 1181 violati

334 1215 523 1287 iuris
568 1210 945 1306 exempla.
971 1228 1407 1305 proponere.
1438 1205 1634 1276 nihil
1685 1229 1869 1301 opus
1920 1218 2101 1279 erat.
2198 1205 2526 1280 Absolvi

338 1323 619 1382 autem·
658 1307 853 1379 :libri
930 1303 1415 1399 scriptionem
1450 1352 1459 1372 ψ.
1493 1300 2075 1400 schedarumque
2156 1305 2527 1374 maiorem

246 1409 250 1413 *
341 1419 639 1508 par-tem-
681 1401 1138 1498 typographo
1178 1398 1655 1498 ‚Berolinensi
1681 1394 2242 1474 describendam
2287 1411 2529 1474 trans.-

340 1503 517 1576 misi
566 1524 822 1573 mense
869 1497 1297 1581 Iulio.h..a.‚
1342 1492 1562 1589 quod
1576 1495 2307 1570 commemorandum
2336 1491 2532 1566 duxi

340 1610 761 1697 propterea,
803 1620 929 1668 ne
980 1593 1161 1691 quis
1216 1603 1525 1688 praeter.
1547 1592 1750 1666 ,haec
1813 1613 2001 1689 quae
2064 1590 2289 1665 modo
2356 1589 2533 1666 dixi

340 1697 568 1767 etiam
599 1695 809 1765 ÷alia-
840 1689 1226 1766 nonnulla:
1253 1688 1559 1782 cognitu
1599 1687 1849 1780 digna,
1901 1711 2090 1786 quae
2129 1688 2275 1763 sub
2325 1686 2533 1762 idem

266 1873 269 1874 ⁷
339 1790 534 1863 illud
594 1802 888 1887 tempus
958 1799 1090 1860 aut
1130 1786 1380 1860 -etia'm
1431 1798 1636 1881 ‘post
1668 1785 1873 1858 edita
1933 1798 2176 1874 sunt‚.
2211 1797 2532 1882 praeter-

206 1977 213 1984 (
340 1891 574 1962 missa
619 1909 685 1958 ·a
742 1911 866 1960 me
918 1909 1089 1959 esse
1157 1883 1614 1958 criminetur.
1679 1886 1829 1959 ‚De
1867 1884 2213 1968 ‚formula
2276 1894 2351 1955 et
2410 1904 2535 1953 ra·-

349 1988 579 2072 tione,
630 2008 780 2082 qua
825 1984 911 2055 in
961 2003 1207 2055 rerum
1258 1981 1701 2053 tractatione
1750 2003 1926 2054 usus
1970 2003 2162 2068 sum,
2208 1979 2535 2077 praefari

345 2084 488 2155 hoc
536 2105 771 2154 unum
819 2080 1031 2152 libet:
1080 2087 1452 2174 spectasse
1500 2078 2045 2175 me2imprimis
2097 2073 2399 2176 quidem
2446 2086 2536 2152 ut

341 2179 531 2251 liber
602 2178 872 2252 scholis
911 2221 919 2242 ι
953 2175 1401 2250 academicis
1441 2170 2081 2258 ..s-‚accommodatus
2157 2173 2531 2263 eVaderet,

346 2274 977 2373 prospiciendum.
1007 2287 1263 2345 tamen
1313 2272 1544 2344 etiam
1563 2274 1672 2347 iis
1702 2271 2105 2346 lectoribus
2140 2272 2533 2358 censuisse,

348 2374 481 2469 qui
551 2373 846 2468 privato
912 2370 1165 2445 studio
1218 2392 1465 2465 rneque
1482 2431 1494 2441 .
1513 2370 1869 2461 magistri
1936 2370 2226 2441 auxilio
2290 2366 2536 2442 adiuti

350 2468 841 2564 antiquitates
909 2491 1341 2562 cognoscere
1401 2478 1790 2563 cuperent.-
1885 2465 2146 2563 Itaque
2212 2464 2536 2541 brevita-

214 2559 217 2561 ’
344 2579 499 2639 tem
547 2566 661 2636 ita
709 2565 991 2662 ubique
1036 2577 1396 2663 sequutus
1444 2586 1637 2652 sum,
1687 2565 1958 2637 utnon
2009 2563 2334 2636 officeret
2375 2589 2534 2661 per-

343 2662 761 2760 spicuitati:
812 2685 1142 2736 summas
1192 2673 1487 2737 tantum
1540 2685 1784 2735 rerum
1821 2655 2195 2757 proposui,
2245 2659 2380 2734 sed
2401 2663 2534 2735 has

346 2761 552 2856 ipsas
620 2772 984 2855 quantum
1048 2760 1209 2833 fieri
1269 2759 1520 2856 potuit
1580 2761 1806 2856 plane
1871 2770 1947 2831 et
2009 2756 2370 2830 dilucide:
2435 2761 2535 2832 le-

345 2858 566 2931 viora
615 2868 748 2928 aut
796 2856 1265 2952 praetermisi
1315 2869 1446 2927 aut
1495 2856 1822 2941 breviter
1855 2855 2121 2947 attigi,
2183 2853 2537 2929 indicatis

349 2954 579 3026 simul
640 2965 771 3025 aut
832 2962 1170 3028 veterum
1235 2954 1677 3049 scriptorum
1735 2952 1925 3025 locis
1987 2969 2118 3025 aut
2179 2954 2538 3025 recentio-

349 3074 519 3123 rum
566 3044 809 3138 libris,
856 3048 1056 3126 unde
1098 3049 1395 3146 plenior
1441 3050 1721 3120 notitia
1768 3052 1923 3145 peti
1959 3059 2227 3146 posset,
2327 3073 2541 3123 uum-

349 3171 496 3243 que
571 3144 662 3219 de
733 3147 1117 3220 nonnullis
1189 3145 1406 3218 rebus
1454 3156 1688 3218 2certa'
1746 3146 2077 3244 satisque
2151 3169 2301 3243 exp
2331 3161 2541 3223 orata

352 3242 557 3314 tradi
619 3266 775 3315 non
834 3255 1174 3341 possent,
1253 3239 1527 3315 harum·
1596 3241 1793 3318 disce
1849 3245 2131 3316 tatione
2183 3243 2539 3335 abstinui,
2587 3252 2592 3257 ’

352 3341 509 3411 nisi
557 3342 625 3415 si
674 3339 1005 3415 breviter
1054 3340 1353 3412 absolvi
1384 3363 1628 3436 sposse
1676 3268 2089 3427 videretur,
2157 3362 2349 3438 quae
2413 3367 2542 3417 au-

356 3450 510 3508 tem
558 3437 970 3528 longiorem
1022 3436 1609 3535 disputationem
1659 3449 2065 3535 poscerent,
2117 3439 2329 3530 tetigi
2378 3453 2543 3513 tan-

354 3533 772 3621 tummodo,
824 3557 972 3631 quo
1022 3536 1146 3608 vel
1191 3535 1278 3605 in
1325 3534 1599 3607 scholis
1662 3535 2077 3609 accuratius
2107 3606 2110 3607 γ
2142 3546 2544 3630 pertracta·

357 3642 641 3716 rentur,
705 3633 826 3704 vel
860 3630 1253 3704 ‘auditores
1304 3643 1436 3702 aut
1480 3632 1794 3706 lectores
1844 3632 1994 3728 ipsi
2023 3628 2144 3701 'ad
2190 3654 2543 3727 quaeren-

348 3724 540 3797 -dum
615 3728 1189 3823 impellerentur.
1331 3726 1677 3801 Ceterum
1766 3725 1967 3827 quod
2048 3752 2204 3801 non
2277 3732 2545 3808 eodem

360 3824 616 3894 omnia
678 3823 903 3895 mod'o
970 3837 1045 3897 et
1109 3824 1490 3921 aequabili
1552 3847 1903 3898 mensura
1967 3836 2284 3898 tractata
2345 3832 2545 3919 sunt,

360 3941 513 3990 non
580 3942 745 3991 mea
811 3924 1025 4018 culpa
1087 3934 1218 3994 aut
1267 3920 1577 3994 arbitrio
1626 3923 1942 4008 factum,
2022 3921 2157 3995 sed
2219 3926 2548 4003 fontium

358 4023 582 4113 atque
643 4017 1149 4091 subsidiorum
1212 4020 1485 4114 impari
1539 4018 1968 4092 condicioni
2017 4020 2549 4116 imputandum

348 4127 493 4186 est.
600 4115 833 4186 Multa
895 4115 1132 4206 enim,
1198 4137 1388 4214 quae
1446 4117 1863 4189 accuratius
1927 4140 2145 4190 nosse
2207 4125 2549 4196 maxime

351 4208 654 4304 .'cupias,
723 4212 1067 4303 cognosci
1127 4225 1426 4310 propter
1490 4226 1825 4307 veterum
1889 4231 2547 4291 monumentorum

374 4304 741 4379 defectum
792 4319 925 4380 aut
971 4311 1427 4405 paucitatem
1488 4331 1642 4380 non
1691 4311 1887 4383 isatis
1938 4325 2273 4407 possunt.
2369 4316 2547 4388 Alia

377 4403 604 4495 igitur
651 4405 938 4479 ratione
986 4426 1073 4478 ac
1121 4403 1429 4481 modulo
1481 4404 1944 4485 metiendum
2006 4421 2118 4483 est
2167 4411 2546 4508 scriptoris
