3067 4975
780 406 852 478 5.
903 407 1023 479 De
1047 404 1506 501 foederibus
1540 408 2035 506 populorum.
2247 421 2254 428 ’
2367 405 2516 480 399

334 588 740 663 societates
772 612 1320 686 saepenumero
1372 612 1523 658 non
1576 592 1726 660 tam
1757 590 1984 662 certis
2027 585 2513 688 pactionibus

327 690 583 777 initae,
634 711 853 783 qnam
904 691 1075 784 ipsa
1127 687 1400 756 natura
1451 687 1529 757 et
1577 688 1814 757 tacito
1882 712 2262 760 consensu
2324 712 2509 759 con-

330 783 627 856 ciliatae
678 781 1052 873 videntur,
1102 785 1301 855 iuter
1352 807 1484 853 eas
1534 786 1859 855 maxime
1892 786 2262 877 civitateS,
2316 809 2507 884 quae

326 883 454 952 uni
507 877 682 952 olim
736 884 903 978 regi
970 877 1358 952 subiectae
1423 884 1681 969 etiam,
1711 887 1888 978 post
1952 873 2326 968 abolitum?
2386 906 2509 953 re-
2619 897 2623 903 ’

325 1002 508 1075 gum
557 980 947 1078 imperium
1003 980 1277 1050 veteris
1331 975 1884 1076 coniunctionis
1948 975 2380 1052 memoriam
2436 985 2513 1050 et

330 1072 948 1166 consuetudinem
999 1078 1488 1147 retinuerant.
1589 1071 2024 1147 Accedebat
2085 1073 2286 1173 apud
2345 1072 2509 1173 ple-

327 1195 604 1269 rasque
682 1176 902 1244 etiam
978 1193 1365 1245 sacrorum
1443 1173 1916 1263 communio,
2016 1197 2208 1274 quae
2256 1190 2511 1273 'quum

330 1272 549 1340 statis
629 1266 1102 1367 temporibus
1195 1294 1454 1341 omnes
1528 1273 1608 1341 in
1683 1293 1906 1340 unum
1972 1277 2509 1367 congregaret,

332 1361 669 1438 consiliis
754 1392 1053 1467 quoque
1142 1363 1781 1439 communicandis
1861 1367 2509 1464 opportunitatem

331 1464 411 1534 et
468 1459 865 1559 impulsum
935 1461 1192 1537 dabat.
1279 1463 1786 1564 ‘Quamquam
1848 1489 2114 1564 parum
2175 1461 2507 1566 plerum-

334 1585 478 1659 que
528 1558 789 1634 firmae
842 1567 1061 1645 erant
1118 1559 1306 1635 baec
1380 1558 1771 1633 societatis
1823 1557 2156 1656 vincula,
2230 1563 2378 1634 nisi
2443 1565 2511 1633 si

329 1682 481 1728 una
530 1653 780 1757 aliqua
830 1662 1094 1731 civitas
1162 1660 1437 1732 ceteris
1506 1661 1742 1732 maior
1810 1662 1888 1731 et
1949 1657 2330 1755 potentior
2377 1656 2506 1731 de-

331 1757 659 1827 sciscere
710 1759 1036 1830 minores
1087 1783 1133 1830 a
1184 1752 1703 1830 communibus
1756 1752 2508 1858 consiliisprohibe-

330 1854 492 1928 ret:
548 1876 716 1923 uam
763 1850 1081 1951 paribus
1151 1856 1473 1929 omnium
1552 1849 1838 1925 viribus
1901 1879 1991 1925 ac
2051 1856 2219 1930 iure
2284 1850 2508 1925 facile

332 1947 750 2042 accidebat,
804 1958 886 2023 ut
935 1974 1147 2024 suum
1263 1976 1556 2050 uaeque
1622 1949 2084 2026 commodum
2150 1952 2263 2024 rei
2312 1973 2507 2046 ‘com-

334 2050 530 2118 muni
609 2047 1138 2147 anteponeret,
1294 2043 1590 2148 ellique*
1630 2074 1721 2121 ac
1792 2051 2004 2146 pacis
2067 2047 2399 2123 rationes
2462 2073 2511 2119 a

330 2147 605 2217 ceteris
654 2149 1036 2235 seiunctas
1105 2145 1440 2222 haberet.
1544 2148 1899 2219 Ceterum
1968 2143 2061 2219 de
2117 2143 2505 2245 plerisque

329 2239 593 2313 harum
657 2247 1101 2317 societatum
1193 2241 1375 2317 nihil
1448 2242 1610 2317 fere
1671 2245 2075 2317 memoriae
2133 2241 2509 2343 proditum

334 2341 474 2428 est,
527 2346 608 2411 ut
659 2366 799 2413 nec
850 2339 1109 2442 quales
1161 2339 1443 2414 fuerint
1475 2366 1613 2413 nec
1649 2366 1870 2438 quam
1922 2337 2073 2414 late
2121 2342 2510 2442 patuerint

332 2441 742 2534 appareat3
797 2442 973 2539 quin
1025 2438 1575 2528 nonnullarum,
1629 2463 1818 2539 quas
1883 2434 2119 2513 fuisse
2190 2441 2316 2512 viX
2370 2437 2504 2511 du-

328 2530 551 2625 bitem,
604 2561 969 2636 nusquam
1018 2544 1267 2611 tamen
1332 2536 1619 2609 diserte
1672 2537 1946 2609 mentio
2015 2562 2061 2609 a
2111 2538 2506 2634 scriptori-

335 2628 474 2702 bus
538 2629 742 2705 sacta
805 2638 943 2710 est.
1042 2631 1438 2709 Aetolos
1504 2659 1572 2706 V.
1641 2661 1735 2726 c„
1815 2636 1945 2705 uni
2011 2632 2187 2707 olim
2250 2659 2509 2708 omnes

329 2731 503 2824 regi
554 2728 944 2804 subiectos
971 2733 1063 2823 3),
1114 2740 1382 2828 postea
1483 2755 1760 2831 noque,
1826 2735 2165 2830 quamvis
2224 2728 2507 2803 barba-

330 2829 442 2897 ris
519 2852 665 2900 non
744 2832 1002 2926 paucis
1077 2827 1415 2921 admistis
1538 2881 1559 2919 ‚
1634 2826 1814 2902 belli
1882 2824 2511 2928 Peloponnesiaci

257 2934 267 2940 ‘
329 2928 668 3020 tempore
717 2931 793 2996 in
842 2951 1065 2998 unum
1118 2930 1557 3000 coniunctos
1583 2924 1918 2999 videmus
1948 2924 2048 3022 ⁵);
2097 2951 2345 3026 neque
2396 2925 2510 2997 ta-

327 3045 496 3093 men
554 3046 1017 3096 commune
1066 3022 1607 3098 Aetolorum
1661 3025 2286 3098 commemoratur
2329 3028 2511 3095 ante

248 3202 257 3211 N
329 3116 753 3192 Alexandri
853 3120 1296 3194 Macedonis
1384 3123 1709 3195 aetatem
1753 3124 1845 3214 ⁶).
1971 3120 2513 3199 Acarnanes

274 3262 282 3270 -
333 3234 722 3291 commune
770 3216 1124 3290 iudicium
1158 3217 1382 3315 Olpis
1448 3217 1800 3291 habuisse
1851 3215 2321 3315 legimus-th
2374 3213 2509 3290 sed

332 3311 775 3389 omnibusne
847 3314 987 3389 boc
1045 3344 1140 3388 au
1207 3312 1688 3413 paucioribus
1737 3317 2024 3388 tantum
2093 3328 2512 3408 commune,

336 3408 416 3480 et
465 3408 705 3508 qualis
759 3416 1058 3487 omnino
1108 3422 1239 3487 aut
1288 3438 1508 3513 quam
1562 3411 1918 3487 diuturna
1981 3414 2134 3487 ista
2184 3410 2510 3488 commu-

334 3686 573 3743 deratifs
612 3685 824 3759 (Paris.
866 3688 1055 3758 1804.)
1093 3695 1255 3764 impr.
1292 3705 1348 3765 R.
1391 3694 1493 3747 162
1511 3712 1637 3767 sqq.
1679 3684 1995 3747 Tittma‘nn.
2028 3688 2508 3746 Gfiechxstaats-

335 3760 481 3813 vers.
524 3772 579 3825 p.
618 3762 919 3817 667—751.
961 3762 1346 3817 Wacbsmuth.
1389 3766 1460 3818 de
1495 3768 1810 3835 iur..gent.
1863 3779 1915 3832 p.
1964 3764 2195 3820 68-71.
2245 3765 2508 3836 :Antiqm

337 3830 439 3885 Gr.
476 3833 528 3900 l,
565 3833 598 3887 l
633 3854 691 3906 p.
733 3832 1016 3890 113-116
1053 3844 1111 3890 et
1148 3838 1451 3899 125—132.
1685 3878 1692 3887 .
2014 3877 2018 3882 .
2163 3872 2168 3877 .
2219 3848 2228 3855 ·
2301 3874 2310 3882 .
2468 3864 2480 3875 -

482 3935 552 4006 3)
588 3941 758 3997 Hom.
795 3942 962 3997 Iliad.
1001 3944 1076 4011 11,
1112 3944 1234 4000 638.
1266 3943 1426 4013 XIII,
1463 3945 1592 3999 217.
1695 3978 1704 3987 ·

478 4044 540 4109 4)
583 4046 672 4103 cf.
712 4068 884 4121 supra
922 4052 987 4103 P.
1025 4051 1085 4103 11
1120 4048 1175 4116 §-
1206 4050 1257 4105 6.

464 4150 526 4218 5)
564 4152 827 4225 Thucyd.
863 4157 973 4225 111,
1008 4157 1098 4212 94.
1132 4159 1245 4214 96:
1304 4184 1313 4193 ·
1378 4202 1385 4209 .

465 4275 524 4342 6)
567 4275 639 4333 Τὸ
672 4277 849 4335 κοινὸν
880 4281 983 4335 τῶν
1017 4282 1267 4336 Αἶπυλῶνε
1310 4282 1555 4339 Diodor.
1583 4285 1764 4350 “XIX,
1801 4283 1889 4338 66.

457 4397 522 4469 7)
563 4402 824 4473 Tbucyd.
857 4407 966 4472 Ill,
1006 4407 1128 4459 105.
