3067 4975
564 320 664 395 26
904 323 975 399 Ι.
1039 324 1158 397 De
1214 320 1592 401 Graeciam
1640 324 1800 399 situ
1848 353 2103 423 magn.
2139 340 2400 428 partt.

1488 510 1558 589 §-
1610 508 1743 580 VI.

764 603 1131 703 Sequitur
1178 599 1800 700 Peloponnesum,
1867 602 2205 678 e'ninsula
2256 607 2599 704 angustis
2645 610 2748 680 is-

569 699 746 774 thmi
810 696 1156 773 faucibus
1234 702 1650 772 continenti
1716 629 2253 799 adhaerens&
2383 704 2594 777 Ilaec
2668 706 2747 778 in

566 794 1141 891 longitudinem,
1190 792 1609 892 ath-Aegio,
1660 797 1989 871 Achaiae
2054 795 2287 890 urbe,
2348 824 2587 899 usque
2651 799 2747 873 ad

562 894 892 969 Maleam
914 894 1539 992 promontorium,
1565 896 1926 968 MCCCC
1945 893 2173 970 habet
2188 895 2466 974 stadia:
2491 895 2747 997 paullo

564 996 808 1067 minus
857 986 1486 1085 inglatitudinem:
1555 993 1907 1072 circuitus
1959 1002 2073 1065 est
2124 992 2542 1066 stadiorum
2589 992 2748 1068 fere

569 1089 922 1180 loono,
974 1093 1101 1159 aut
1150 1088 1217 1157 si
1268 1088 1474 1160 sinus
1525 1092 1995 1180 omittantur,
2045 1093 2167 1188 qui
2218 1116 2429 1164 oram
2473 1086 2604 1163 ubi
2654 1116 2751 1165 ue

565 1185 927 1276 lacerant,
959 1185 1296 1256 MMMM
1326 1184 1420 1280 2).
1502 1187 1853 1259 Formam
1883 1187 2091 1260 multi
2126 1212 2289 1260 cum
2320 1187 2606 1287 platani
2663 1214 2748 1260 o-

566 1281 669 1356 lio
725 1281 1355 1381 comparaverunt
1379 1282 1485 1379 3):
1549 1280 1772 1356 talem
1820 1286 2176 1357 montium
2237 1286 2523 1357 tractus
2586 1282 2747 1357 effi-

571 1380 777 1454 ciunt
831 1404 1070 1478 usque
1138 1403 1430 1478 quaque
1507 1378 2041 1459 discurrentes,
2160 1381 2519 1454 Allissimi
2590 1407 2744 1456 me-

570 1476 766 1550 diam
814 1475 978 1549 fere
1024 1479 1318 1574 partem
1373 1474 1707 1577 opplent,
1756 1481 1833 1550 in
1888 1475 2149 1552 orbem
2200 1477 2745 1579 quodammodo

570 1572 924 1674 dispositi
949 1571 1056 1667 ⁴):
1123 1572 1482 1672 Cyllene,
1548 1576 1991 1649 Artemisius
2071 1600 2233 1648 cum
2304 1573 2745 1668 Parthenio,

568 1672 911 1758 Parnon,
937 1665 1243 1764 BoriuS,
1271 1671 1646 1764 Lycaeus,
1673 1671 1991 1763 Pholoe,
2037 1672 2544 1771 Erymanthus
2582 1699 2746 1747 cum

564 1768 882 1867 Lampio
913 1767 1020 1863 ⁵):
1099 1791 1198 1841 ex
1277 1764 1392 1839 his
1470 1770 1719 1841 autem
1783 1772 1997 1870 quasi
2061 1767 2357 1869 quidam
2417 1774 2605 1842 rami
2665 1774 2739 1842 in

571 1891 831 1940 omues
889 1867 1151 1962 partes
1222 1866 1787 1963 promittuntur.
1888 1869 2155 1942 lntima
2232 1863 2743 1965 Peloponnesi

565 1990 751 2063 pars
798 1960 1182 2036 montibus
1233 1960 1381 2034 illis
1433 1966 1706 2055 cincta,
1754 1963 2079 2036 Arcadia
2127 1965 2267 2037 est.
2342 1964 2545 2037 Haec
2579 1962 2745 2037 sola

572 2061 940 2135 Graeciae
1002 2061 1212 2132 terra
1276 2060 1380 2156 (si
1443 2056 1820 2133 Doridem·
1874 2062 2303 2160 exceperis)
2381 2085 2743 2160 nusquam

569 2161 758 2232 mari
806 2155 1113 2229 alluitur
1161 2182 1304 2230 nec
1364 2154 1665 2231 flumina
1715 2160 1789 2228 in
1838 2180 2044 2231 mare
2112 2159 2378 2230 emittit
2438 2155 2745 2256 praeter

569 2280 796 2330 unum
842 2252 1228 2353 Alpheum,
1294 2252 1389 2324 ad
1442 2252 1911 2328 occidentem·
1969 2281 2271 2345 versus,
2338 2279 2485 2355 qua
2548 2257 2746 2329 inter

571 2354 954 2448 Lycaeum
980 2349 1407 2434 etPholoen
1438 2354 1689 2425 exitus
1702 2359 1910 2450 patet
1936 2354 2029 2448 ⁶).
2084 2354 2361 2426 Cetera
2388 2353 2464 2425 el:
2493 2349 2746 2426 clausa

569 2439 897 2550 undique
945 2446 1325 2522 montibus
1379 2451 1455 2523 et
1501 2450 1703 2522 iuius
1756 2474 2051 2550 quoque
2096 2456 2534 2524 montuosa:
2580 2448 2744 2549 pla-

572 2550 796 2621 nities
846 2571 1135 2664 paucae
1186 2572 1326 2619 nec
1376 2545 1526 2619 late
1576 2550 1965 2663 pat-entes:
2046 2550 2231 2621 silis
2297 2548 2544 2691 autem
2604 2546 2745 2620 hae

574 2641 2449 2840 m.1i3¹1sssst⁶153112¹¹3fffi¹²51‘'ffiffizfssffiiffi
2494 2646 2746 2816 3...»ξὲ

575 2835 921 2919 faucibus
973 2836 1215 2909 hausti
1243 2839 1348 2936 ⁸),
1395 2839 1670 2939 partim
1704 2834 1991 2938 Alpheo
2046 2838 2343 2938 excepti
2369 2840 2467 2934 ⁹).
2548 2841 2745 2915 Coe-

717 3029 777 3098 ι)
814 3030 952 3083 via.
989 3026 1045 3098 ς.
1083 3028 1136 3096 1,
1173 3028 1227 3084 6.

716 3120 778 3188 2)
817 3119 1010 3176 strab.
1045 3118 1213 3186 v111,
1253 3119 1291 3171 2
1322 3138 1379 3190 p,
1413 3119 1522 3172 335
1561 3121 1621 3171 et
1653 3116 1690 3171 8
1721 3082 1779 3190 ρ’.
1812 3115 1935 3172 389.
2006 3116 2309 3185 Agathem.
2350 3117 2382 3170 1
2421 3116 2743 3188 Gangraph.

573 3213 629 3266 p.
667 3193 773 3248 193
811 3194 1022 3252 (ἔνθα,
1064 3190 1164 3243 ubi
1213 3209 1318 3260 pro
1362 3190 1495 3259 ήχκζ
1524 3189 1695 3242 scrib·
1728 3191 1860 3260 ἑχκζ.
1941 3187 2032 3243 Of.
2078 3187 2470 3261 Pouqueville
2516 3207 2744 3260 voyage

574 3274 711 3318 tom.
749 3265 839 3316 111
875 3282 929 3334 Ρ.
968 3263 1093 3316 473.
1163 3259 1432 3314 Mueller.
1474 3261 1614 3315 Dor.
1652 3263 1714 3313 11
1747 3281 1800 3332 p.
1837 3260 1962 3313 425.

574 3425 670 3482 IV
716 3351 779 3479 Ξ)
816 3350 1009 3405 Stral).
1044 3350 1123 3418 ΙΙ,
1160 3351 1192 3405 1
1228 3370 1283 3422 Ρ.
1318 3349 1391 3406 83
1429 3356 1575 3404 extr.
1609 3350 1777 3420 VIII,
1814 3351 1850 3404 2
1885 3370 1939 3422 Ρ.
1973 3349 2101 3407 335.
2134 3348 2439 3419 Agathem.
2476 3347 2516 3407 l.
2537 3348 2742 3404 LPlin.
2799 3320 2805 3329 Ι

671 3464 687 3496 ,
713 3463 776 3583 4).
813 3510 1078 3568 Mueller.
1116 3513 1259 3564 Dor.
1297 3512 1329 3563 Ι
1363 3530 1420 3583 p.
1458 3511 1545 3565 67.

713 3601 775 3671 5)
817 3600 1010 3655 strab·
1048 3602 1216 3662 VIII,
1251 3601 1288 3654 3
1322 3619 1376 3670 Ρ.
1411 3599 1539 3654 336.
1573 3600 1699 3654 341.
1732 3599 1857 3654 348.
1890 3599 2014 3653 357.
2052 3597 2130 3651 ib.
2168 3599 2278 3670 61».
2298 3597 2422 3651 376.
2461 3596 2497 3651 8
2531 3616 2586 3669 Ρ.
2616 3594 2741 3655 388.

568 3675 821 3728 Pausan.
858 3675 935 3742 11,
970 3674 1059 3736 24,
1095 3675 1148 3727 2.
1186 3672 1275 3740 38,
1314 3673 1363 3726 7.
1397 3673 1476 3739 V,
1515 3673 1568 3741 7,
1606 3673 1659 3726 1.
1690 3672 1861 3736 VIII,
1898 3669 1949 3738 6,
1990 3673 2041 3724 2.
2079 3669 2166 3736 24,
2226 3672 2279 3723 2.
2316 3668 2406 3735 38,
2440 3667 2492 3722 3.
2546 3669 2648 3734 44,
2681 3668 2736 3724 4.

570 3747 660 3815 54,
698 3748 750 3800 5.
789 3744 1130 3818 Apollodor.
1172 3763 1258 3815 ap.
1298 3741 1498 3814 steph.
1536 3744 1680 3813 Byz.
1716 3762 1760 3796 s.
1795 3762 1852 3794 v·
1891 3742 2141 3808 Κυλλήνη.
2178 3738 2464 3800 Dodwell.
2492 3738 2740 3797 Sickleri

570 3819 650 3883 11,
687 3820 723 3873 2
755 3837 809 3890 Ρ.
849 3818 971 3873 301.
1043 3814 1407 3886 Pouquevill.
1448 3823 1583 3868 tom.
1601 3815 1692 3866 111
1725 3814 1906 3887 Ρ.474
1941 3833 2025 3885 sq.
2065 3813 2158 3867 IV
2190 3832 2247 3886 Ρ.
2285 3813 2407 3867 180.
2445 3812 2569 3866 322.
2608 3810 2735 3867 328.

571 3890 698 3946 335.
733 3891 795 3941 V
830 3908 885 3961 Ρ.
925 3889 1014 3944 90.
1088 3886 1357 3940 Mueller.
1393 3889 1535 3940 Dor.
1570 3887 1627 3940 Il
1668 3907 1702 3958 p
1760 3886 1885 3939 447.

707 3976 770 4048 6)
807 3975 1174 4050 Pouquevill.
1211 3984 1352 4029 tom.
1388 3977 1481 4028 IV
1514 3994 1572 4047 p.
1610 3974 1718 4029 318
1753 3993 1875 4047 sqq.
1981 3962 1984 3965 Α

709 4067 770 4137 7)
811 4063 1093 4137 Walpole
1129 4063 1345 4118 travels
1378 4084 1435 4137 Ρ.
1472 4066 1593 4120 426.

708 4156 770 4228 8)
808 4156 1001 4210 Strab.
1043 4156 1213 4216 VIII,
1251 4139 1286 4208 8
1321 4174 1377 4225 Ρ.
1414 4154 1536 4209 389.
1607 4156 1857 4207 Pausan.
1897 4153 2068 4214 VIII,
2108 4153 2157 4214 7,
2198 4151 2247 4206 1.
2310 4149 2598 4204 Dodwell.
2635 4150 2734 4209 l.l.

567 4267 623 4321 Ρ.
660 4247 784 4304 307.
855 4242 1221 4317 Pouquevill.
1259 4244 1350 4294 lv
1384 4263 1439 4316 p.
1474 4243 1598 4296 207.
1671 4243 1847 4295 Krus.
1887 4241 1914 4295 I
1954 4261 2009 4312 p.
2046 4240 2171 4295 302.

706 4333 770 4405 9)
807 4336 1054 4393 Pausan.
1093 4333 1263 4399 vm,
1304 4332 1371 4386 14
1409 4338 1466 4384 et
1500 4333 1589 4387 38.
1626 4332 1705 4397 V,
1745 4333 1794 4397 7,
1843 4332 1894 4386 1.
1969 4326 2331 4401 Pouquevill.
2380 4330 2473 4383 IV
2518 4348 2573 4400 Ρ.
2613 4329 2735 4385 318.
