3067 4975
1105 328 1624 407 Prooemium.
2070 310 2079 317 ¹
2372 325 2466 398 15

278 509 833 610 adolescentes,
885 519 1129 588 status
1179 515 1551 589 Graeciae
1603 509 1867 605 civilis,
1918 513 2048 612 qui
2097 509 2246 586 fuit
2290 507 2474 588 belli

274 611 913 712 Peloponnesiaci
943 616 1312 711 tempore,
1351 605 1801 685 ‘vividiorem
1851 612 1929 685 et
1969 615 2326 712 tanquam
2374 634 2475 685 ex

279 710 752 785 oculatorum
800 713 1111 783 testium
1162 707 1669 783 'relationibus
1722 715 2167 807 expressam
2203 712 2475 807 imagi-

275 834 450 882 nem
504 805 939 881 describere
992 811 1246 880 conati
1277 809 1383 900 ⁷):
1436 805 1808 978 Simingue
1859 807 2264 879 rationein
2301 805 2477 879 Gal-

276 905 404 1000 lia-
464 902 1018 978 Barthelemius
1101 905 1573 978 Anacharsin
1726 902 2021 1002 cytham
2108 901 2203 978 de
2261 905 2479 978 «omni

278 1004 750 1076 Graecorum
801 1005 959 1076 vita
1006 1000 1313 1101 publica
1361 1008 1437 1076 et
1485 1004 1812 1100 privata,
1865 999 1957 1074 de
2001 1003 2301 1096 litteris»,
2355 1025 2474 1074 ar-

275 1098 507 1192 tibus,
561 1098 921 1193 moribus»,
974 1099 1274 1193 ritibus,
1328 1124 1521 1200 quae
1573 1103 1648 1171 in
1699 1102 1998 1191 itinere,
2053 1105 2255 1173 circa
2316 1109 2475 1173 me.-

280 1198 484 1271 ‹lium
535 1203 880 1296 quartum
932 1224 998 1276 a.
1039 1200 1128 1270 C.
1159 1224 1232 1270 n.
1270 1189 1680 1289 saeculum,
1746 1198 2150 1291 cognorit,
2217 1199 2480 1270 amicis

277 1302 438 1369 suis
502 1321 641 1393 per
704 1294 1066 1393 epistolas
1132 1295 1884 1392 focitexponentem
1913 1293 2008 1394 ⁸).
2121 1296 2218 1384 Hi
2278 1293 2479 1385 libri,

273 1396 644 1493 imprimis
673 1392 1183 1492 Barthelemii,
1204 1387 1415 1470 *lectu
1445 1390 1963 1488 iucundissimi
1991 1397 2217 1493 atque
2253 1395 2479 1465 etiam

275 1490 644 1590 perutiles
695 1502 870 1566 sunt
920 1514 1359 1591 summaque
1426 1486 1650 1566 laude
1717 1489 1961 1588 digni:
2029 1491 2481 1592 quamquam
2566 1509 2576 1518 ’

278 1597 468 1662 satis
536 1615 768 1688 saepe
830 1604 964 1664 ant
1027 1588 1222 1663 salsa
1285 1587 1615 1687 fictaque
1687 1613 1833 1687 pro
1896 1591 2101 1664 veris
2159 1586 2484 1660 'tradunt

281 1694 418 1759 aut
467 1690 712 1759 minus
761 1691 976 1759 recta
1026 1687 1118 1762 de
1173 1683 1624 1788 quibusdam
1672 1684 1907 1761 rebus
1956 1685 2480 1786 iudiciapro-

278 1788 516 1857 munt.
568 1829 663 1841 —
713 1787 999 1858 Nostra
1048 1793 1297 1857 autem
1349 1788 1602 1857 aetate
1654 1810 1701 1856 a
1748 1788 1932 1858 viris
1964 1782 2307 1859 doctrina
2339 1808 2476 1883 pa-

276 1886 472 1956 riter
523 1887 599 1955 et
646 1882 923 1957 iudicio
976 1886 1366 1955 instructis
1417 1885 1658 1958 omnis
1710 1882 1899 1957 haec
1953 1880 2279 1958 civilium
2340 1907 2477 1954 an·-

280 1984 705 2081 tiquitatum
736 1984 1052 2054 materia
1077 1979 1519 2077 diligentius
1558 1977 1805 2055 denuo
1837 2006 2190 2071 excussa,
2220 1976 2480 2070 multa,

284 2105 480 2179 quae
530 2083 829 2176 priores
881 2076 1412 2178 neglexerant,
1476 2078 1912 2175 protracta,
1975 2075 2224 2153 sontes
2290 2101 2479 2179 quo·
2531 2106 2538 2118 ·

286 2202 435 2277 que
497 2203 644 2251 non
708 2179 933 2274 pauci
1010 2179 1183 2251 novi
1257 2177 1590 2275 reperti,
1670 2202 2018 2277 novaque
2100 2177 2178 2249 et
2249 2173 2374 2250 lon
2439 2199 2483 2248 e

286 2300 511 2377 quam
565 2272 739 2348 olim
793 2276 1116 2348 clariore
1167 2270 1335 2345 luce
1387 2274 1801 2378 pleraeque
1868 2273 2084 2347 huius
2152 2271 2387 2371 discip
2420 2274 2482 2344 i-

282 2397 432 2445 nae
506 2379 768 2471 partes
841 2369 1262 2445 illustratae
1347 2374 1527 2445 sunt
1552 2373 1646 2461 ⁹).
1780 2374 2041 2446 Finem
2115 2395 2296 2445 vero
2368 2368 2484 2442 his

434 2579 490 2646 7)
526 2579 829 2654 Philippus
880 2583 1111 2651 Yorke,
1161 2602 1355 2637 comes
1405 2581 1477 2635 de
1523 2580 1907 2647 Rardwicke,
1967 2573 2216 2633 Carolus
2260 2578 2485 2647 Yorke,
2592 2617 2596 2620 >

282 2652 459 2706 huius
494 2652 703 2718 frater,
753 2658 822 2708 D.
871 2656 1103 2721 Rooke,
1156 2659 1224 2709 D.
1263 2656 1457 2709 Greeu
1514 2653 1613 2707 alii
1654 2672 1729 2706 ue
1762 2653 1987 2725 plures,
2039 2656 2212 2706 etiam
2263 2653 2489 2707 erudita

281 2727 496 2780 mulier
534 2725 850 2780 Catharina
889 2727 1121 2796 Talbot,
1159 2733 1514 2800 scripserunt
1550 2729 1629 2779 At
1670 2727 1841 2778 euian
1875 2724 2095 2791 lettre-8,
2134 2744 2201 2777 or
2235 2724 2337 2779 the
2366 2728 2485 2797 epi·

282 2797 514 2868 stolary
550 2799 1048 2871 correspondeuce
1087 2799 1154 2854 of
1184 2820 1257 2853 an
1297 2806 1472 2869 agent
1509 2799 1577 2851 of
1608 2798 1705 2851 the
1740 2797 1887 2867 king
1924 2798 1992 2850 of
2023 2799 2243 2861 Persia,
2280 2799 2379 2868 qui
2414 2797 2486 2870 li-

281 2871 392 2924 her
440 2874 593 2944 typis
643 2870 961 2943 descriptus
1010 2890 1144 2925 ann.
1199 2874 1334 2926 1741
1388 2875 1446 2923 et
1482 2872 1645 2924 1743.
1682 2871 1747 2931 8,
1799 2872 1851 2925 l.
1885 2871 1921 2924 4
1956 2873 2285 2941 iterumque
2321 2867 2484 2923 1781.

281 2945 397 2997 lv.
438 2950 492 3009 8,
527 2942 631 2996 sed
668 2941 785 2996 non
826 2943 1153 3014 publicatus
1189 2946 1303 2998 nisi
1341 2962 1475 2998 ann.
1516 2943 1677 2996 1798.
1712 2942 1788 2994 11.
1827 2942 1864 2994 4
1903 2950 1962 2995 et
1995 2949 2177 3014 repet.
2214 2940 2486 2994 Basileae

282 3016 450 3070 1800.
498 3016 627 3142 ΙΙΙ.8
651 3015 705 3071 8.
776 3018 846 3071 In
894 3017 1091 3069 Germ.
1137 3035 1309 3070 serm.
1364 3021 1624 3068 convert.
1675 3015 1770 3068 Fr.
1815 3013 2054 3069 Jacobs.
2127 3013 2284 3085 Lips.
2326 3013 2484 3068 1799.

427 3175 490 3241 8)
528 3176 780 3248 Voyage
819 3177 897 3230 (lu
927 3178 1109 3247 jeune
1144 3175 1497 3230 Anacharsis
1535 3195 1607 3230 en
1650 3176 1839 3229 Grece
1879 3174 2023 3228 dans
2063 3172 2122 3227 le
2168 3172 2370 3228 milieu
2407 3173 2486 3228 du

283 3251 607 3321 quatrieme
644 3249 824 3304 siecle
862 3258 1039 3303 avant
1075 3248 1215 3302 l’ere
1251 3249 1536 3318 vulgaire.
1613 3250 1778 3300 Paris
1817 3248 1972 3302 1788.
2008 3246 2148 3300 v11.
2184 3247 2236 3303 8.
2289 3255 2347 3300 et
2382 3265 2485 3318 po-

280 3330 412 3374 stea
448 3324 678 3391 saepius
717 3322 811 3376 ed.
880 3325 951 3376 In
990 3322 1183 3375 Germ.
1220 3340 1389 3379 serm.
1423 3338 1594 3374 conv.
1632 3319 1704 3372 ab
1732 3321 1793 3373 J.
1825 3320 2157 3373 E.Biester.
2226 3319 2466 3372 Berolin

275 3393 640 3519 179Ξέιῖἶν118.θ
668 3395 722 3450 8.
763 3400 822 3448 et
865 3413 900 3446 a
936 3395 1005 3448 Ο.
1047 3396 1118 3448 A.
1155 3392 1393 3446 Fischer
1441 3398 1500 3446 et
1536 3390 1653 3446 Th.
1690 3392 1762 3444 de
1798 3393 2014 3463 Haupt,
2050 3393 2316 3461 Moguut.
2350 3355 2491 3446 1828

281 3483 360 3518 sS.
552 3502 567 3517 .

429 3569 491 3633 9)
528 3572 595 3624 F.
627 3573 699 3624 A·
738 3570 982 3641 Wolfii,
1029 3575 1105 3628 A.
1145 3572 1460 3639 Boeckhii,
1511 3575 1581 3627 (Ὗ.
1620 3572 1692 3627 Ο.
1723 3571 2018 3637 Muelleri‚
2066 3573 2140 3627 A.
2170 3572 2281 3623 W.
2319 3569 2483 3624 Hoff-

283 3643 416 3705 teri‚
453 3643 522 3698 E.
562 3645 646 3696 Μ.
686 3646 912 3709 Meieri,
946 3646 1020 3699 E.
1056 3644 1316 3699 Platneri
1365 3645 1729 3718 aliorumque
1775 3664 1952 3717 opera
1994 3641 2148 3696 infra
2193 3661 2301 3694 suo
2335 3641 2481 3699 loco

285 3715 927 3770 commemorabuntur.-
988 3736 1146 3770 nunc
1176 3720 1538 3789 ‘praecipuos
1586 3735 1786 3770 eorum
1835 3719 2137 3771 nominare
2185 3718 2324 3768 satis
2375 3723 2483 3785 est,

283 3790 382 3858 qui
432 3791 739 3840 universas
783 3791 1157 3861 antiquitates
1207 3789 1409 3842 civiles
1458 3788 1746 3859 complexi
1792 3796 1957 3852 sunt,
1995 3787 2209 3861 ‘quales
2265 3794 2403 3842 sunt
2448 3807 2483 3842 e

282 3859 642 3912 nostratibus
680 3861 743 3913 F.
783 3862 890 3912 W.
933 3863 1256 3929 Tit-tmann,
1310 3861 1690 3930 Darstellung
1741 3860 1844 3914 der
1891 3859 2107 3928 griech.
2153 3862 2484 3914 Staatsver-

284 3929 623 3999 fassuugeu.
707 3933 862 4004 Lips.
914 3934 1071 3987 1822.
1108 3934 1175 4003 8.,
1246 3934 1358 3984 ἲν.
1393 3931 1816 3999 VVachsmuth,
1865 3930 2254 3986 Hellenische
2285 3932 2484 3986 Alter·

283 4001 675 4056 thumskuude
712 4023 816 4057 aus
857 4004 984 4058 dem
1026 4003 1487 4075 Gesiehtpunkte
1525 4006 1627 4059 des
1664 4008 1912 4059 Stantem
1976 4004 2111 4059 nal.
2154 4005 2486 4062 12:26·1830.

280 4075 357 4126 11.
394 4083 559 4146 pau-tt.
608 4078 669 4126 in
715 4077 805 4128 lv
852 4075 993 4129 voll.
1040 4078 1094 4136 8.
1174 4079 1238 4131 G.
1288 4077 1354 4128 F.
1388 4078 1713 4142 Hermann,
1762 4075 2071 4130 Lehrhuch
2120 4078 2222 4130 cler
2268 4075 2488 4146 griech.

280 4146 861 4201 Staatsaltertbiimer
909 4167 1014 4202 aus
1065 4148 1194 4201 dem
1242 4149 1655 4219 Standpunkte
1705 4149 1808 4202 der
1857 4147 2219 4202 Geschichte.
2286 4150 2393 4202 Ed.
2434 4151 2487 4202 1.

275 4217 548 4270 heidelb.
591 4220 746 4273 1831·
795 4220 885 4274 etl.
922 4223 976 4274 2.
1010 4221 1090 4273 ib.
1127 4220 1288 4274 1836.
1323 4221 1377 4274 8.
1434 4222 1566 4273 Huc
1612 4225 1908 4292 pertinent
1955 4224 2125 4274 etiam
2176 4225 2249 4273 Α.
2296 4222 2371 4272 H·
2416 4221 2486 4273 L.

276 4290 526 4355 Heeren,
574 4290 753 4343 Ideen
799 4293 946 4345 iiber
974 4290 1214 4353 Politik,
1263 4291 1493 4345 Handel
1541 4294 1661 4345 und
1707 4291 1979 4345 Vcrkehr
2026 4293 2130 4345 der
2174 4290 2490 4344 vox-nehm-

275 4369 407 4414 :ten
459 4361 688 4437 Yffikffl'
734 4364 838 4419 cler
884 4365 1044 4419 alten
1089 4361 1286 4418 Welt.
1380 4363 1518 4417 vol.
1554 4367 1642 4418 111
1676 4374 1816 4436 part.
1858 4367 1906 4418 l.
1942 4366 2205 4434 Gotting.
2239 4364 2395 4420 1812.
2431 4364 2483 4418 8.
