3067 4975
703 308 776 423 3ss
824 351 946 423 De
993 351 1316 424 concilio
1365 314 2027 449 Amphio-tyanaeo.
2326 352 2471 423 391

281 557 560 607 causae
610 528 1145 622 fuerunt‚‚tum
1195 557 1346 605 una
1394 536 1807 632 praecipue
1855 536 1929 605 in
1978 537 2146 632 ipsa
2210 538 2461 607 couci-

277 631 358 704 lii
420 631 970 728 compositione
1037 628 1723 727 suffragiorumque
1787 628 2268 704 serendorum
2333 656 2457 703 ra-

275 730 487 799 tione
537 730 813 825 posita,
864 751 1088 823 quum
1140 725 1573 800 tantundem
1623 731 1812 798 iuris
1862 732 2164 800 minima
2226 753 2455 826 quae-

278 850 423 923 que
459 828 552 895 -et
601 820 849 894 alieno
883 825 1200 920 imperio
1231 821 1572 895 subiecta
1605 828 1869 896 civitas
1920 849 2085 896 cum
2117 828 2459 896 maximis

277 928 352 992 et
411 921 956 1016 potentissimis
1034 917 1390 1011 haberet,
1466 944 1782 1018 quarum
1855 919 2454 1018 singulaepro-

270 1011 674 1113 pennoti-um
723 1008 894 1108 plus
943 1013 1304 1104 valerent,
1370 1038 1591 1111 quam
1639 1014 1975 1110 reliquae
2036 1019 2456 1104 universae,

274 1135 517 1208 neque
584 1112 668 1180 ut
733 1105 1351 1206 obtemperarent
1408 1109 1673 1180 harum
1735 1108 2060 1182 decretis
2114 1135 2204 1179 co
2270 1106 2454 1179 isa·
2521 1181 2530 1198 x

273 1205 418 1278 cile
466 1207 803 1302 possent.
901 1206 1095 1277 Bina
1147 1211 1340 1279 enim
1405 1203 1688 1301 singuli
1747 1205 2010 1303 popuii
2080 1134 2450 1299 suflgragia

271 1297 645 1392 ferebant,
695 1300 1049 1399 ideoque,
1117 1328 1337 1401 quum
1389 1298 1651 1398 plures
1704 1306 1966 1374 essent
2028 1303 2249 1370 unius
2281 1323 2449 1396 .Ρο-

271 1396 431 1496 puli
479 1397 846 1486 civitates,
899 1420 1000 1466 ex
1052 1397 1166 1467 his
1215 1394 1563 1469 binarum
1618 1423 1917 1497 quoque
1954 1399 2095 1468 tem
2156 1420 2291 1467 ore
2341 1393 2447 1466 le-

271 1497 436 1592 gati
485 1489 821 1565 conciliis
868 1495 1308 1585 intererant,
1360 1519 1428 1567 e.
1481 1520 1547 1567 c.
1598 1521 1698 1567 ex
1753 1496 2103 1565 Doriensi
2165 1518 2253 1563 us
2304 1492 2453 1591 Cy-

274 1595 627 1663 tiniorum
670 1591 748 1662 ct
774 1586 1357 1686 Spartanorum,
1411 1616 1510 1662 ex
1539 1588 1857 1663 Ionibus
1883 1589 2452 1663 Atheniensium

275 1695 354 1761 et
399 1684 994 1786 Erythraeorum
1047 1690 1178 1759 aut
1224 1688 1751 1760 Prienensium
1785 1692 1893 1783 ¹):
1945 1713 2084 1760 nec
2119 1684 2449 1758 dubitari

268 1788 529 1884 potest
579 1788 754 1883 quin
802 1782 1333 1857 mittendorum
1384 1783 1810 1881 legatorum
1858 1782 1977 1856 ius
2008 1788 2204 1856 inter
2230 1786 2451 1855 unius

192 1889 203 1894 “
267 1880 536 1981 populi
588 1882 934 1952 civitates
986 1885 1197 1954 certo
1253 1880 1575 1981 quodam
1609 1882 1873 1958 ordine
1905 1885 2254 1981 partitum
2285 1877 2477 1951 sue-i

265 1983 371 2054 rit
397 1980 495 2074 2).
597 1981 1035 2050 Conventus
1087 1983 1507 2077 quotannis·
1539 1976 1698 2052 hini
1749 1984 1992 2069 erant,
2044 1999 2318 2051 vernus
2371 1977 2449 2048 et

272 2071 769 2150 auctumnalis
797 2075 900 2164 3):
951 2078 1247 2175 utrique
1298 2090 1598 2174 semper
1661 2078 1739 2150 et
1800 2073 2013 2175 Pylis
2081 2071 2447 2148 &Ther-

268 2171 597 2274 mopylis
651 2176 731 2245 et
778 2170 1096 2269 Delphis
1147 2169 1384 2246 nabiti
1433 2172 1778 2247 v-identur
1806 2172 1905 2269 4).
1987 2174 2267 2269 Legati
2301 2167 2453 2241 hie·-

276 2295 804 2344 romnemones
882 2267 1100 2359 dicti,
1178 2273 1420 2370 iisque
1500 2269 1831 2344 adiuncti
1907 2268 2330 2369 pylagorae
2358 2268 2448 2361 ⁵).

271 2368 395 2441 Illi
445 2365 724 2465 singuli
773 2392 814 2439 e
864 2366 1182 2464 singulis
1233 2367 1686 2463 civitatibus,
1739 2369 1811 2441 hi
1835 2368 2095 2467 plures
2127 2367 2337 2437 missi
2364 2366 2449 2458 ⁶).

416 2588 482 2663 l)
516 2588 790 2647 Aeschin.
830 2589 903 2643 «le
938 2590 981 2645 f.
1014 2590 1129 2661 leg.
1165 2611 1225 2663 Ρ.
1260 2592 1385 2648 285.
1426 2593 1554 2649 286.

414 2697 482 2768 2)
517 2700 610 2752 Ex
642 2697 929 2755 Aeschine
964 2700 1026 2751 in
1064 2698 1318 2771 ctesiph.
1356 2721 1412 2772 Ρ.
1450 2702 1574 2754 504.
1602 2701 1905 2756 506-517
1930 2705 2165 2773 apparet
2184 2699 2254 2750 ab
2273 2696 2454 2751 Athe-

272 2772 572 2829 niensihus
605 2770 830 2840 legatos
871 2771 942 2822 ad
978 2769 1172 2840 plures
1210 2775 1479 2843 deinceps
1516 2781 1837 2825 conventus
1888 2778 2091 2824 missos
2130 2790 2285 2839 esse,
2332 2786 2453 2821 non

275 2848 450 2896 unius
517 2842 620 2895 sed
691 2844 930 2895 duorum
992 2852 1148 2894 certe
1206 2861 1507 2896 annorum.
1604 2846 1817 2897 Fuitne
1869 2849 2046 2914 igitur
2108 2845 2215 2896 hoc
2285 2859 2452 2913 prae·-

276 2920 509 2987 cipuum
544 2917 635 2967 ius
671 2914 983 2967 maioribus
1022 2915 1351 2967 civitatibus
1388 2915 1609 2980 datum,
1656 2924 1720 2967 ut
1767 2917 1876 2968 hae
1921 2916 2172 2986 semper,
2223 2927 2448 2966 ceterae

276 2998 470 3042 autem
509 2989 715 3038 annuis
747 2986 972 3057 vicibus
1006 2985 1340 3053 suffragium
1378 2985 1699 3040 haberent?
1772 2988 1861 3040 Cf.
1915 2991 2084 3040 etiam
2132 2990 2448 3040 Tittmann.

273 3081 332 3134 Ρ.
372 3059 458 3114 74.
497 3059 568 3111 75
605 3066 663 3110 et
696 3057 1064 3122 Huelhnann,
1112 3058 1494 3128 Wiirdigung
1540 3060 1640 3112 des
1676 3058 1883 3132 Delph.
1932 3059 2210 3127 Orakels,
2257 3078 2314 3130 p.
2359 3057 2447 3121 54,

279 3135 377 3205 qui
413 3139 607 3185 tamen
643 3147 916 3200 perverse
951 3127 1226 3199 loquitur.

416 3233 488 3304 3)
525 3235 720 3289 Strah.
756 3234 866 3318 IX,
900 3235 938 3287 3
972 3254 1025 3306 p.
1060 3236 1186 3290 420.

416 3340 478 3412 4)
518 3345 834 3413 Tittmann.
867 3362 925 3413 Ρ.
963 3342 1034 3396 80
1072 3362 1311 3397 vernum
1351 3350 1695 3396 conventum
1735 3343 1996 3414 Delphis,
2034 3342 2455 3397 auctumualem

281 3414 685 3487 Thermopylis
720 3414 980 3467 habitum
1017 3420 1238 3469 statuit.
1292 3418 1414 3468 Sed
1451 3422 1620 3468 etiam
1661 3417 2053 3469 auctumnales
2093 3415 2331 3485 Delphis
2355 3413 2455 3466 ha-

280 3487 435 3538 bitos
473 3505 596 3539 esse
634 3486 962 3539 Boeckhius
999 3487 1073 3540 ad
1110 3490 1284 3558 Gon-p.
1320 3488 1498 3541 Inscr.
1536 3489 1566 3539 1
1603 3508 1658 3558 Ρ.
1697 3490 1804 3541 808
1837 3488 2137 3559 probabile
2160 3488 2317 3553 facit,
2353 3502 2458 3537 no-

281 3560 488 3629 bisque
533 3560 856 3611 Beer-euius
911 3577 1112 3611 verum
1160 3561 1377 3612 vidisse
1428 3559 1683 3637 sudetur,
1732 3558 1936 3625 (ldeen
1984 3560 2085 3612 iih.
2130 3559 2304 3614 Polit.
2347 3565 2453 3609 etc.

284 3632 385 3696 111,
425 3632 456 3683 l
496 3649 552 3701 p.
590 3632 689 3683 201
734 3630 820 3682 ed·
866 3628 1051 3702 1812.)
1091 3635 1187 3703 qui
1224 3630 1450 3700 legatos
1486 3650 1711 3701 semper
1747 3635 1986 3701 primum
2039 3631 2201 3701 Pylis
2247 3647 2460 3684 conve-

285 3706 436 3754 nisse
473 3703 554 3754 ihi
599 3720 671 3753 ue
705 3706 950 3773 peractis
987 3703 1326 3776 quibusdam
1366 3705 1544 3754 sacris
1582 3702 1842 3773 Delphos
1882 3723 1944 3756 se
1968 3703 2280 3756 contulisse
2321 3720 2458 3753 con-

222 3783 227 3790 '
290 3775 427 3826 iicit.
502 3721 595 3826 cst
635 3774 825 3824 Strab-
864 3774 963 3841 lx,
998 3781 1036 3830 3
1071 3796 1126 3848 p.
1162 3766 1290 3828 2120.
1353 3776 1504 3827 Hinc
1543 3776 1711 3826 etiam
1749 3776 1997 3828 Πυλαιῶν
2029 3793 2241 3826 nomen
2280 3776 2461 3826 omni-

271 3843 396 3911 ·lius
432 3844 823 3897 conventibus
859 3844 1067 3911 haesit,
1107 3855 1171 3925 ut
1203 3846 1514 3920 πυλαγορῶν
1545 3844 1771 3902 lenatia.
1828 3849 2143 3901 Tittmann.
2179 3867 2232 3919 p.
2264 3846 2351 3900 78.
2380 3846 2467 3899 79.

429 3947 486 4015 5)
523 3950 614 4001 Dc
652 3949 876 4004 duabus
927 3950 1098 4004 huius
1144 3954 1397 4005 nominis
1442 3953 1674 4017 formis,
1722 3955 2020 4027 πυλαγόραι
2066 3961 2125 4007 et
2167 3951 2467 4023 πυλαγόροι,

290 4019 424 4155 {lid}
445 4021 809 4144 gessessng.
861 4022 933 4075 ad
983 4024 1201 4076 Herod.
1239 4025 1391 4092 vu,
1437 4027 1564 4079 214.
1647 4028 1843 4080 Brenni
1891 4027 1960 4079 ad
2009 4024 2284 4082 Aeschin.
2333 4030 2469 4075 tom·

436 4194 502 4266 6)
540 4195 792 4252 Athenis
831 4206 988 4254 certe
1036 4201 1297 4270 singulos
1343 4201 1871 4272 hieromnemones,
1913 4210 2110 4257 ternos
2159 4202 2473 4274 pylagoras

291 4269 559 4323 videmus
597 4271 750 4341 apud
784 4272 1060 4326 Aeschin.
1099 4276 1159 4325 in
1199 4276 1453 4344 ctesiph.
1476 4297 1531 4348 Ρ.
1553 4277 1687 4340 506;
1726 4277 1859 4328 illos
1882 4284 2039 4329 sorte
2076 4287 2273 4344 captos
2306 4271 2473 4340 (Ari-

293 4343 479 4414 stoph.
513 4344 712 4398 Nubh.
750 4364 809 4399 v.
847 4345 1026 4412 619.)‚
1066 4345 1166 4400 hos
1203 4346 1493 4416 suffragiis
1530 4357 1773 4403 creatos.
1845 4350 1986 4403 Non
2020 4357 2354 4421 perpetuam
2379 4362 2477 4395 au-
