3067 4975
571 445 577 454 ‚
619 358 769 435 350
1026 360 1107 439 V.
1154 361 1274 435 De
1322 343 1412 435 ie
1445 358 1767 462 publica
1816 359 2407 447 Atheniensium.

618 543 698 619 et
756 541 1244 643 incorruptos
1305 539 1584 617 nullum
1644 539 1792 620 sibi
1852 542 2246 620 crescendi
2304 545 2558 622 locum
2621 537 2794 627 esse

612 638 996 733 viderent,
1061 643 1260 716 vitiis
1309 640 1801 717 multitudinis
1850 639 2344 717 adularentur
2393 641 2787 722 alimenta-

614 763 761 838 que
811 746 1345 836 suggererent,
1397 765 1548 840 quo
1597 736 1768 841 plus
1817 742 1964 841 ipsi
2011 741 2349 841 possent.
2429 742 2624 817 Hinc
2670 742 2789 819 sa-

613 839 910 909 ctiones
972 839 1334 929 exortae,
1415 862 1609 936 quae
1672 840 1995 911 civitatis
2067 842 2358 911 animos
2418 838 2790 917 distrahe-

611 939 785 1009 rent
834 939 908 1006 et
957 958 1005 1006 a
1055 936 1466 1007 communis
1527 932 1789 1009 salutis
1839 960 2026 1009 cura
2074 933 2171 1007 ad
2220 960 2434 1010 suam
2483 944 2558 1013 et
2608 965 2789 1014 suo-

611 1055 778 1105 rum
841 1024 1238 1104 utilitatem
1306 1034 1862 1126 converterent,
1916 1058 2137 1132 quum
2188 1031 2308 1106 vel
2358 1038 2787 1135 opprimere

611 1124 1121 1222 adversarios,
1185 1126 1306 1203 vel
1354 1132 1656 1227 impune
1706 1132 2022 1204 iniurias
2071 1127 2351 1224 facere,
2416 1129 2535 1204 vel
2585 1137 2786 1209 tueri

606 1250 694 1299 se
746 1222 844 1298 ab
899 1221 1223 1299 aliorum
1272 1227 1589 1319 iniuriis,
1640 1225 1766 1300 vel
1811 1230 2259 1327 potentiam,
2315 1253 2360 1300 o
2421 1252 2524 1319 es,
2576 1256 2785 1305 com-

605 1319 839 1395 moda
902 1347 1040 1395 sua
1106 1326 1422 1424 quisque
1492 1349 1781 1423 augere
1847 1327 2070 1397 etiam
2125 1350 2291 1398 cum
2396 1351 2616 1401 amno
2664 1332 2789 1403 rei
2895 1415 2910 1422 -

603 1418 961 1519 publicae
1026 1421 1554 1495 anniterentur
1580 1424 1675 1515 3).
1786 1419 2067 1502 Alebat
2128 1426 2376 1512 autem
2440 1420 2788 1500 fovebat-

605 1543 752 1617 que
814 1514 1006 1591 haec
1051 1516 1244 1591 mala
1286 1520 1313 1589 i
1368 1545 1456 1591 sa
1480 1516 1694 1593 urbis
1724 1517 2167 1617 magnitudo
2193 1515 2785 1623 plebeculaeque

602 1610 943 1688 urbanae
990 1613 1288 1689 multitu
1342 1643 1427 1708 o,
1505 1618 1720 1692 cuius
1782 1643 1935 1690 non
1988 1619 2287 1690 minima
2333 1643 2517 1716 pars
2571 1619 2785 1719 opifi-

603 1738 735 1787 ces
785 1716 1232 1812 nautaeque,
1313 1710 1673 1787 illiberali
1725 1717 2044 1815 quaestu
2097 1718 2491 1815 animoque
2542 1716 2783 1792 civilis

596 1812 903 1883 virtutis
980 1812 1364 1910 incapaci,
1456 1809 1721 1886 faciles
1798 1837 1881 1886 se
1972 1809 2070 1885 ad
2150 1814 2781 1912 corrumpendum

598 1903 1061 2007 praeberent
1088 1905 1182 2006 ⁴).
1278 1908 1395 1983 Ad
1445 1906 1591 1981 hoc
1638 1907 1979 2007 plurimis
2031 1906 2299 1983 horum
2352 1917 2508 1984 non
2537 1918 2784 1987 mater

595 2006 849 2078 Attica
925 2004 1061 2079 sed
1137 2032 1464 2080 noverca
1541 2003 1720 2099 fuit,
1806 2010 2277 2106 peregrinis,
2364 2008 2775 2108 inquilinis,

596 2098 977 2180 libertinis
1027 2106 1101 2176 in
1155 2107 1530 2177 civitatem
1582 2107 1946 2204 receptiS,
2017 2130 2336 2205 quorum
2384 2108 2777 2203 ingenium

597 2199 675 2275 et
720 2205 995 2271 natura
1057 2204 1226 2301 ipsa
1288 2200 1520 2300 longe
1574 2204 1838 2276 essent
1885 2198 2087 2275 infra
2131 2204 2631 2301 ingenuorum
2681 2204 2777 2279 il-

593 2297 842 2370 lorum
937 2320 1026 2371 ac
1135 2301 1468 2372 veterum
1556 2302 1983 2374 Atticorum
2086 2297 2443 2373 indolem.
2576 2301 2775 2376 Hinc

590 2393 825 2495 longe
878 2392 1037 2468 alia
1086 2394 1352 2495 populi
1400 2395 1682 2486 facies,
1756 2423 2049 2491 mores,
2116 2399 2339 2471 etiam
2390 2422 2641 2471 sermo
2692 2403 2774 2473 in

591 2491 785 2567 urbe
838 2517 1062 2595 quam
1112 2499 1190 2567 in
1242 2498 1452 2593 agris
1481 2495 1581 2589 ⁵),
1631 2493 2222 2589 Atheniensium,
2270 2494 2354 2568 ut
2403 2497 2772 2571 Dicaear-

589 2589 775 2663 chus
826 2594 937 2665 ait
963 2593 1054 2684 ⁶),
1137 2618 1358 2692 quam
1406 2595 1856 2666 Atticorum.
1937 2593 2039 2665 Hi
2065 2617 2186 2664 ma
2248 2595 2545 2687 nanimi,
2595 2597 2772 2671 sim-

584 2686 862 2788 plices,
927 2687 1197 2787 probi;
1269 2688 1375 2763 illi
1426 2687 1667 2781 leves,
1718 2693 2040 2782 versuti,
2088 2693 2162 2761 in
2223 2687 2336 2784 di,
2387 2688 2462 2763 lo
2517 2718 2774 2787 uaces‚
2847 2686 2858 2695 ’

591 2787 972 2884 corruptis
1027 2784 1393 2880 moribuS,
1444 2785 1935 2887 largitionum
1988 2785 2265 2885 cupidi,
2328 2785 2426 2860 ad
2532 2786 2768 2862 ellan-

587 2880 761 2957 dum
806 2887 1012 2983 pigri
1040 2885 1126 2977 7),
1174 2887 1252 2957 ἰιι
1304 2883 1798 2959 concionibus
1850 2882 2162 2959 clamosi
2212 2885 2292 2959 et
2322 2882 2768 2982 turbulenti,

704 3126 767 3196 3)
818 3129 911 3181 De
952 3127 1197 3203 ἑταιρίαις
1240 3123 1581 3203 (ἑταιρείαις)
1631 3126 1752 3180 vid.
1806 3144 1982 3198 supra
2026 3125 2093 3180 P.
2127 3127 2219 3181 111
2266 3123 2316 3199 ξ.
2355 3127 2445 3195 27,
2481 3126 2536 3183 8.
2606 3127 2766 3184 Add.

576 3196 731 3253 Plat.
780 3198 1020 3253 Theaet.
1066 3213 1121 3267 P.
1171 3201 1277 3257 162
1322 3203 1399 3255 1).
1447 3198 1713 3270 Thucyd.
1760 3199 1928 3266 vm,
1964 3199 2055 3266 54,
2108 3208 2168 3252 et
2201 3201 2478 3271 imprimis
2514 3200 2765 3269 Kriigcr.

579 3288 783 3323 comm.
831 3271 904 3323 de
956 3270 1223 3342 Thucyd.
1268 3292 1326 3345 p.
1371 3274 1480 3328 363
1514 3290 1579 3343 sq
1624 3308 1638 3324 .
1673 3270 1825 3326 Add.
1862 3258 2200 3325 Hiillmann.
2236 3289 2428 3344 progr.
2471 3270 2542 3324 de
2576 3271 2764 3325 Athe-

576 3343 866 3395 niensium
898 3348 1249 3412 συνωμοσίαις.
1288 3347 1517 3414 Regim.
1566 3347 1587 3396 Ι
1630 3343 1717 3396 14.
1772 3342 1858 3394 ld.
1878 3340 2240 3395 Staatsrecht
2276 3343 2378 3395 dea
2397 3341 2760 3397 Alter-thama

620 3450 634 3464 .
675 3413 796 3468 144.
870 3414 1158 3484 Droyaen,
1197 3416 1299 3469 der
1339 3413 1805 3485 Hermokopiden
1846 3431 2059 3477 rocesa,
2092 3416 2154 3466 in
2193 3412 2436 3467 Welck.
2473 3422 2532 3468 et
2564 3414 2758 3469 Naek.

574 3431 731 3539 glus.
777 3483 940 3538 rhen.
988 3487 1079 3538 lv
1120 3499 1172 3551 p.
1210 3487 1283 3542 39
1322 3505 1448 3558 sqq.
1521 3487 1630 3540 W.
1675 3487 1813 3538 Vise
1858 3504 1938 3552 er,
1976 3484 2070 3538 die
2106 3483 2524 3555 oligarchische
2557 3486 2759 3542 Par-tei

574 3557 696 3611 und
733 3556 827 3611 dio
860 3557 1175 3611 Hetaerien
1209 3560 1272 3611 in
1306 3557 1521 3613 Athen.
1593 3556 1771 3611 Baail.
1810 3556 1968 3612 1836.
2005 3557 2057 3611 4.

713 3679 780 3752 4)
818 3680 910 3738 Cf.
946 3681 1221 3755 Xenoph.
1257 3681 1332 3736 de
1366 3702 1431 3736 re
1465 3681 1624 3755 publ.
1661 3680 1798 3736 Ath.
1838 3682 1890 3750 l,
1927 3680 2086 3757 1-9.
2125 3680 2354 3735 14-16.

723 3785 791 3855 5)
838 3789 908 3843 Id
945 3789 1334 3843 Philostratus
1378 3792 1482 3851 vit,
1521 3788 1763 3861 sophist.
1807 3788 1885 3853 11,
1922 3788 1954 3841 1
1994 3782 2265 3857 (Herod.)
2300 3807 2361 3858 p.
2394 3789 2505 3844 553
2542 3787 2759 3843 diserte

573 3857 646 3912 de
681 3877 820 3913 suae
857 3865 1062 3915 aetatis
1097 3861 1553 3916 Atheniensibus
1591 3868 1863 3926 metatui-3
1897 3860 2001 3913 sed
2038 3859 2251 3913 dudum
2287 3867 2421 3913 ante
2458 3878 2588 3914 eum
2625 3862 2753 3915 Xe-

566 3930 808 4004 nophon
852 3931 893 3986 l.
942 3932 985 3985 l.
1025 3936 1078 4000 2,
1115 3936 1152 3988 8
1187 3934 1540 3988 urbanorum
1577 3933 1900 3986 Atticorum
1944 3932 2201 4001 linguam
2255 3934 2492 3986 mixtam
2534 3932 2629 3987 καὶ
2660 3951 2752 3988 au·

569 4008 834 4079 κραμὲνην
864 4006 919 4067 ἐξ
954 4003 1204 4059 ἁπάντων
1236 4005 1332 4060 καὶ
1357 4004 1612 4072 Ἑλλήνων
1643 4004 1737 4058 καὶ
1769 4002 2056 4078 βαρβάρων
2089 4003 2253 4058 dixit.

637 4153 654 4162 -
703 4110 764 4175 6)
801 4111 1140 4166 Dicaearch.
1175 4113 1379 4182 fragm.
1419 4132 1474 4184 p.
1510 4113 1583 4165 22
1619 4112 1853 4178 nutem„
1887 4110 1990 4164 ubi
2025 4109 2323 4189 probabile
2361 4117 2449 4164 eat
2480 4118 2751 4182 transpo-

561 4183 756 4236 nenda
805 4201 932 4237 esse
974 4184 1201 4239 Ἀττικῶν
1246 4193 1304 4237 et
1345 4184 1635 4252 Ἀθηναίων
1673 4185 1939 4252 nomina,
1997 4201 2238 4253 quornm
2280 4186 2441 4256 prius
2476 4185 2747 4252 rusticos,

558 4255 802 4310 alterum
839 4254 1094 4325 urbanos
1130 4256 1459 4326 significare
1495 4257 1598 4309 vix
1635 4253 1887 4308 dubitari
1920 4261 2127 4325 potest.

692 4359 753 4430 7>
799 4361 1106 4420 Exercitus
1149 4362 1591 4439 Atheniensium
1640 4359 2095 4416 Demosthenica
2153 4366 2343 4416 aetate
2402 4358 2744 4435 plerumque
