3067 4975
484 320 636 396 342
905 323 989 398 V.
1038 326 1158 398 De
1203 347 1295 397 re
1330 322 1645 424 publica
1692 316 2280 430 Athem'ensiae‘tm.

490 506 609 579 Ita
659 499 971 578 carebat
1019 528 1203 579 sane
1249 502 1639 582 mulierum
1666 497 2010 575 condicio
2037 500 2377 598 plurimis
2409 509 2665 570 earum

492 628 788 695 rerum,
868 627 1060 702 quae
1109 606 1438 676 virorum
1492 605 1716 675 vitam
1768 593 2150 671 ornabant
2199 601 2277 669 et
2327 593 2676 667 oblecta-⁶

492 695 722 774 bant:
795 724 891 773 ne
945 725 1040 773 ue
1089 701 1468 798 viragines
1520 697 1969 795 Spartanus,
2034 717 2276 862 nessue
2325 692 2667 790 poetrias

493 794 813 871 Lesbias
874 795 1003 870 ila
1064 794 1457 895 disciplina
1514 790 1967 885 ferebat¹⁰);
2040 816 2125 863 se
2249 788 2489 863 bonas
2555 791 2668 859 ta-

495 917 664 966 men
729 893 1010 967 matres
1070 892 1426 984 familias,
1496 915 1691 993 quae
1741 887 2011 987 pudice
2062 895 2419 987 casteque
2468 886 2668 957 vive-

493 993 691 1081 rent,
745 989 1038 1066 domum
1093 1017 1254 1063 cum
1308 993 1471 1063 viro
1523 987 2009 1061 concorditer
2057 986 2445 1083 regerent,
2510 1005 2666 1054 ma-

496 1086 666 1160 ritis
717 1111 980 1180 carae,
1044 1083 1305 1163 liberis
1353 1083 1830 1161 venerabiles
1880 1083 2161 1173 essent,
2228 1083 2485 1155 nescio
2538 1104 2673 1180 cur

495 1188 902 1281 pauciores
947 1185 1262 1259 Athenis
1315 1209 1540 1288 quam
1591 1181 1774 1255 alibi
1822 1184 2104 1253 vixisse
2131 1175 2671 1277 credamus-¹¹).

1257 1360 1323 1439 §.
1364 1350 1892 1431 LXXXVIII.

693 1483 1148 1583 Legitimum
1201 1509 1367 1557 cum
1417 1510 1567 1558 una
1616 1489 1903 1555 tantum
1955 1478 2264 1555 muliere
2290 1478 2675 1551 matrimo-

501 1581 704 1652 nium
735 1583 822 1673 ἓ).
924 1580 1605 1656 contrahebantur
1677 1583 1980 1678 nuptiae
2044 1579 2437 1679 parentum
2488 1601 2672 1648 con-

505 1701 735 1751 sensu
777 1675 1150 1780 factisque
1183 1676 1664 1777 sponsalibus
1694 1678 1789 1771 2):
1841 1702 2084 1777 neque
2110 1699 2330 1749 sacra
2359 1671 2676 1745 aberant

504 1773 867 1849 solemnia
916 1778 1581 1878 invocationesque
1634 1774 1969 1866 deorum,
2024 1772 2164 1848 suh
2201 1795 2525 1870 quorum
2555 1774 2670 1842 tu-

503 1868 654 1957 tela
704 1876 1248 1948 matrimonium
1303 1900 1471 1950 esse
1525 1870 1976 1946 credebatur
2002 1874 2096 1970 3).
2192 1870 2413 1943 Nova
2440 1870 2676 1965 nupta

504 2075 634 2130 dem
671 2080 996 2151 spectandis
1031 2080 1391 2148 arcebantur,
1416 2095 1769 2151 ¹quamquam
1808 2074 2079 2130 honestas
2113 2074 2382 2130 mulieres
2422 2094 2671 2148 unquam

507 2166 545 2201 a
579 2152 702 2203 suis
752 2169 821 2204 eo
872 2152 1140 2206 deductas
1190 2171 1314 2206 esse
1361 2170 1532 2205 nemo
1581 2149 1788 2202 credet.
1862 2150 2163 2203 Tractavit
2199 2147 2349 2201 hanc
2386 2150 2675 2221 quaestio·

503 2238 637 2273 nem
674 2239 869 2294 nuper‘
893 2226 1003 2277 W.
1041 2228 1117 2277 A.
1153 2226 1410 2291 Passovr,
1449 2223 1594 2275 iiber
1631 2221 1741 2273 den
1777 2218 2246 2275 Theaterbesuch
2274 2220 2374 2273 der
2396 2217 2675 2273 attiscben

502 2292 753 2361 Frauen,
790 2298 850 2348 in
886 2296 1329 2349 Zimmermann.
1370 2297 1582 2349 Diurn.
1619 2294 1905 2364 antiquar.
1944 2310 2117 2344 annn.
2158 2292 2318 2346 1837.
2356 2310 2431 2344 no
2470 2292 2561 2346 29.

652 2396 754 2469 10)
800 2401 969 2455 Adde
1003 2428 1069 2440 -
1106 2421 1179 2456 ne
1221 2421 1292 2455 ue
1340 2401 1606 2472 Pbrynas
1656 2406 1753 2453 aut
1798 2399 2034 2467 Laidas,
2083 2417 2322 2471 quarum
2373 2405 2675 2456 consuetu-

507 2469 697 2525 dinem
745 2476 1130 2528 amoeniorem
1206 2477 1359 2528 nisse
1408 2494 1574 2548 quam
1613 2481 2000 2526 matronarum
2040 2469 2377 2543 simplicium
2418 2480 2476 2524 et
2509 2471 2675 2543 pudi-

508 2561 701 2596 carum
751 2563 920 2599 nemo
967 2554 1161 2614 negat,
1222 2564 1411 2619 neque
1462 2555 1656 2599 tamen
1702 2545 1804 2597 has
1851 2563 1991 2615 prae
2037 2543 2154 2596 illis
2205 2551 2562 2616 contemptas
2601 2541 2671 2595 ab

503 2612 957 2670 Atheniensibus
1017 2625 1076 2670 et
1132 2621 1368 2672 minoris
1429 2621 1754 2670 aestimatas
1821 2633 1946 2668 esse
1995 2615 2395 2668 concedemus.
2459 2614 2680 2668 Aberat

506 2703 645 2739 sane
693 2686 764 2739 ab
815 2687 1253 2742 Atheniensium
1295 2692 1414 2741 vita
1449 2688 1595 2741 illud
1634 2707 1802 2740 omne
1840 2705 2020 2756 genus
2060 2688 2490 2740 consuetudinis
2526 2690 2678 2739 inter

503 2759 662 2810 viros
708 2758 1122 2831 mulieresque,
1171 2762 1325 2833 quod
1377 2759 1538 2814 molli
1627 2761 1829 2811 uadam
1871 2765 1927 2811 et
1968 2757 2213 2812 delicata
2251 2758 2554 2811 dulcedine
2590 2776 2681 2810 re-

508 2833 827 2883 centiorum
878 2831 1216 2904 populorum
1267 2834 1442 2885 vitam
1483 2780 1809 2902 pereflunditz
1849 2830 2047 2883 aberat
2082 2834 2364 2900 coniugiis
2402 2829 2546 2883 illud
2584 2847 2682 2897 ge-

507 2919 619 2954 nus
660 2905 889 2970 amoris,
929 2922 1042 2976 quo
1083 2902 1223 2956 nibil
1264 2922 1381 2955 non
1420 2908 1591 2956 uxori
1630 2918 1756 2955 cum
1795 2906 1922 2955 viro
1963 2920 2262 2955 commune
2291 2911 2408 2955 est:
2444 2902 2543 2954 sed
2586 2902 2683 2953 de·

507 2975 722 3026 teriora
770 2982 1078 3046 propterea
1131 2976 1400 3045 coniugia
1446 2975 1623 3028 fuisse
1662 2978 1765 3027 vix
1803 2975 1992 3030 credo,
2064 2973 2218 3027 Illud
2254 2992 2431 3026 unum
2470 2991 2681 3026 conce·

510 3043 759 3099 «lendum
822 3054 947 3114 est,.
1005 3063 1133 3100 non
1195 3066 1316 3100 eam
1371 3047 1567 3116 lyricis
1618 3049 1973 3117 scenicisqne
2016 3050 2202 3118 poetis
2252 3050 2546 3098 materiam
2611 3043 2681 3096 ab

508 3134 702 3170 amore
741 3122 799 3170 et
842 3118 1016 3172 rebus
1063 3117 1440 3172 muliebribus
1488 3119 1909 3189 suppeditatain
1949 3136 2104 3185 esse,
2138 3120 2203 3170 in
2239 3136 2352 3188 qna
2391 3116 2686 3170 tractanda

502 3195 829 3245 nostrorum
876 3192 1111 3258 ingenia
1174 3196 1421 3245 maxime
1479 3191 1592 3243 sibi
1636 3189 1865 3260 placere
1910 3189 2120 3243 solent.
2192 3190 2389 3260 Atque
2440 3188 2553 3242 hue
2599 3206 2690 3243 re<

508 3258 685 3312 deant
721 3259 844 3312 fere
883 3262 1035 3332 quae'
1068 3281 1104 3315 a
1139 3262 1427 3316 Sebillero
1465 3263 1650 3333 Epist.
1690 3261 1762 3313 ad
1785 3259 2123 3314 Hnmboldt.
2148 3280 2203 3331 p.
2232 3262 2339 3314 392
2368 3266 2426 3313 et
2450 3279 2484 3313 a
2505 3262 2687 3313 Bern-

509 3327 731 3400 hardy«)
771 3332 1086 3385 Grundriss
1124 3334 1178 3387 d.
1219 3333 1452 3388 Griech.
1491 3335 1807 3387 Litteratur
1846 3334 1871 3386 1
1916 3353 1971 3405 p.
2009 3333 2082 3393 41
2119 3332 2507 3403 proferuntur.

512 3492 519 3499 x
649 3432 748 3506 11)
790 3438 1147 3492 Gravitatem
1197 3436 1278 3509 (πὶ
1319 3436 1636 3509 ὖπόσεμνον)
1686 3442 1895 3493 Atticis
1942 3438 2278 3493 mulieribus
2316 3439 2518 3492 tribuit
2553 3437 2688 3492 Phi·

506 3506 729 3561 lustrat.
769 3511 984 3579 Imagg.
1021 3529 1076 3581 p.
1115 3512 1239 3565 806.
1277 3512 1355 3563 Et
1392 3514 1645 3564 sanctius
1684 3519 2005 3566 maternum
2046 3529 2255 3563 nomen
2293 3530 2461 3582 quam
2504 3519 2688 3581 pater-

508 3598 645 3632 num
693 3578 947 3634 habitum
1001 3600 1127 3634 esse
1162 3581 1260 3633 vel
1300 3583 1664 3653 Strepsiades
1702 3583 1804 3636 ille
1842 3581 2299 3654 Aristophaneus
2341 3582 2550 3635 docere
2586 3600 2690 3652 po-

503 3657 617 3704 test
650 3653 850 3708 Nuhb.
889 3669 945 3707 v,
985 3653 1143 3722 1433,
1184 3652 1256 3706 ad
1294 3672 1459 3725 quem
1499 3652 1687 3707 locum
1725 3657 1899 3708 Anna
1935 3657 2212 3707 Daceria=
2250 3653 2291 3705 il
2328 3673 2371 3725 y
2403 3673 2437 3707 a
2460 3656 2689 3706 auiour·

506 3720 641 3775 dbni
681 3720 813 3777 hien
853 3725 958 3778 des
1004 3728 1195 3793 maris,
1247 3728 1339 3786 qui
1375 3744 1440 3779 se
1477 3726 1909 3795 consoleraient
1946 3725 2126 3779 d’etre
2162 3724 2384 3792 battus,
2446 3728 2496 3778 si
2531 3722 2690 3778 leurs

505 3793 743 3848 femmes
783 3796 1001 3850 etaient
1036 3797 1278 3850 battues.
1801 3804 1810 3811 “

602 3903 708 4027 651)
749 3902 888 3957 vid.
927 3901 1137 3955 Luzac.
1183 3903 1367 3957 Lectt.
1402 3906 1529 3958 Att·
1569 3925 1623 3977 p.
1660 3905 1733 3959 54
1770 3924 1892 3978 sqq.
1969 3905 2176 3959 Meier.
2215 3902 2285 3956 de
2322 3901 2460 3956 bon.
2500 3901 2688 3954 damn.

505 3993 563 4045 p.
678 4011 693 4026 .

646 4075 710 4146 2)
750 4079 1005 4134 Platner.
1055 4079 1297 4151 symbol.
1361 4080 1432 4133 ad
1469 4084 1576 4137 ins.
1616 4087 1736 4138 Att.
1772 4102 1938 4155 cogn.
1977 4102 2032 4156 p.
2073 4082 2193 4138 109·
2230 4082 2435 4136 Meier.
2472 4079 2512 4132 l.
2550 4078 2594 4132 l.
2629 4098 2685 4149 p·
2764 4125 2768 4130 .

502 4151 589 4205 66.
627 4152 786 4205 Gens
823 4150 1110 4205 Erbrecbt
1146 4152 1178 4205 1
1214 4172 1269 4223 p.
1310 4153 1432 4206 295.
1505 4156 1942 4228 Nonnunquam
1994 4173 2114 4207 non
2165 4153 2544 4224 desponsione
2582 4150 2686 4204 sed

506 4222 804 4295 ἔπιόὶκασὶᾳ
840 4227 1068 4295 nuptias
1109 4230 1433 4277 contractas
1470 4246 1646 4300 supra
1681 4229 1933 4281 vidimus
1971 4245 2017 4280 c.
2057 4228 2083 4279 1
2126 4224 2180 4290 §.
2219 4227 2305 4292 19,
2346 4226 2429 4279 19.

649 4306 715 4380 3)
757 4313 900 4366 vid.
948 4310 1300 4368 Barthelem.
1350 4314 1667 4371 Anachars.
1707 4333 1834 4390 cap.
1874 4316 1962 4371 77.
1998 4322 2139 4370 tom.
2176 4315 2328 4370 vm
2361 4333 2420 4385 p·
2454 4312 2562 4370 274
2597 4310 2688 4367 ed.
