3067 4975
515 328 664 403 248
918 327 997 401 V.
1043 327 1166 401 De
1212 349 1303 399 re
1337 285 1654 437 spuma-a
1700 324 2293 403 mmmmm.

520 508 960 599 videbatur,
1019 510 1105 584 ut
1169 511 1247 589 in
1310 505 1480 580 foro
1552 510 1629 582 et
1692 508 2120 581 mercatura
2180 507 2389 583 recte
2442 517 2694 586 omnia

432 671 445 684 ,
522 612 749 709 atque
801 603 1067 679 ordine
1133 609 1547 701 agerentur
1572 607 1669 696 3).
1768 606 1852 677 In
1883 600 2108 678 simili
2144 630 2433 702 genere
2466 612 2700 683 etiam·

522 701 1092 803 Sitophylacum
1145 726 1328 775 cura
1377 698 1850 793 versabatur,
1902 704 2027 801 qui
2079 699 2257 774 olim
2311 706 2495 797 tres,
2546 733 2693 805 po-

525 803 694 875 stea
755 797 1211 900 quindecim,
1279 798 1356 871 et
1406 794 1660 870 decem
1713 795 2006 898 quidem
2055 802 2131 871 in
2181 795 2414 891 urbe,
2477 807 2694 901 quin-³

525 923 671 997 que
718 900 798 969 in
844 896 1172 968 Piraeeo
1224 896 1463 986 eraut,
1515 902 1592 980 et
1641 892 2260 968 dardanariorum
2314 922 2405 969 ac
2451 902 2695 996 pisto-

524 1019 691 1077 rum
744 994 1087 1093 quaestui
1134 988 1630 1088 invigilabant
1654 990 1761 1084 4):
1810 994 1991 1074 item
2042 1018 2138 1065 ue
2173 993 2695 1069 Metronomo-

430 1112 435 1117 ’
522 1103 716 1183 rum,
759 1114 1073 1190 quorum
1096 1085 1503 1160 totidem'in
1531 1087 1720 1163 urbe
1763 1093 1839 1161 et
1885 1093 1959 1162 in
2055 1092 2308 1161 iraeeo
2352 1089 2695 1187 pondera

528 1214 620 1260 ac
670 1211 1060 1269 mensuras
1111 1182 1642 1259 examinabant
1692 1193 1767 1258 et
1814 1180 2245 1284 probabant
2272 1185 2354 1271 ⁵).
2434 1188 2697 1287 Nego-

524 1286 825 1362 tiationi
875 1286 1122 1355 autem
1172 1284 1591 1357 maritimae
1640 1279 2139 1380 invigilabant
2185 1282 2524 1381 Emporii
2575 1312 2700 1359 cu-

524 1387 827 1455 ratores
889 1378 1146 1461 decem
1210 1386 1419 1452 sorte
1481 1382 1751 1468 creati,
1815 1404 1911 1452 ne
2014 1375 2138 1450 uid
2187 1382 2264 1451 in
2319 1380 2697 1471 mercibus

527 1474 966 1550 invehendis
1018 1473 1609 1575 exportandisve
1675 1485 1939 1549 contra
2031 1499 2217 1572 eges
2284 1482 2699 1554 committe-

526 1574 741 1648 retur
790 1572 887 1646 ab
936 1574 1056 1665 iis,
1110 1576 1234 1673 qui
1282 1575 1508 1669 portu
1563 1576 1811 1649 Attico
1861 1568 2271 1646 utebantur
2297 1575 2382 1663 ⁶).
2457 1577 2699 1677 Atque

528 1671 608 1744 hi
660 1695 920 1745 omnes
969 1670 1465 1767 magistratus
1519 1674 1742 1743 etiam
1791 1673 1975 1743 iuris
2026 1667 2427 1743 dictionem
2478 1696 2699 1746 exer-

532 1765 806 1841 cebant
852 1770 928 1841 iu
980 1764 1342 1840 eiusmodi
1394 1770 1670 1859 causis,
1722 1792 1913 1867 quae
1964 1790 2128 1838 cum
2180 1769 2537 1867 cuiusque
2568 1766 2700 1842 ad-

529 1865 1078 1936 ministratione
1131 1867 1573 1936 coniuuctae
1625 1872 1917 1956 essent,
1981 1865 2140 1935 sive
2192 1859 2465 1937 delicta
2516 1891 2703 1964 erga

528 1985 693 2034 rem
739 1956 1116 2058 publicam
1164 1957 1640 2053 vindicanda,
1689 1964 1845 2035 sive
1897 1963 2460 2035 controversiae
2507 1966 2704 2036 iuter

529 2059 873 2155 privatos
924 2055 1385 2130 dirimendae
1436 2061 1696 2154 erant3
1746 2059 1894 2129 uisi
1944 2052 2145 2156 quod
2198 2052 2291 2129 de
2354 2062 2704 2154 negotia·
2819 2103 2828 2108 -

470 2201 475 2206 -
533 2160 786 2227 torum
849 2154 1384 2253 controversiis
1447 2155 1688 2241 (δίκαις
1731 2153 2102 2244 ἕμπορκαϊς)
2152 2154 2268 2226 ius
2318 2181 2365 2228 a
2412 2157 2486 2229 N
2489 2157 2703 2229 auto·

534 2246 748 2345 dicis,
794 2253 976 2350 post
1021 2276 1070 2324 a
1120 2247 1686 2324 Thesmothetis
1735 2246 2126 2322 dicebatur
2150 2248 2245 2346 ⁷).

1395 2424 1486 2504 -§.
1539 2416 1819 2493 XLIV.

729 2549 1081 2623 Pecuniis
1142 2542 1662 2649 reipublicae
1726 2546 2198 2647 colligendis,
2276 2549 2705 2625 custodien-

542 2643 680 2738 dis,
708 2643 1234 2745 dispensandis
1267 2647 1478 2720 multi
1513 2646 1626 2721 vel
1646 2649 2135 2744 magistratus
2171 2646 2282 2721 vel
2316 2656 2707 2722 curatores

539 2768 630 2816 ac
678 2745 995 2816 ministri
1024 2769 1332 2841 operam
1385 2740 1695 2833 dabant,
1748 2742 1873 2827 alii
1926 2741 2311 2838 ordinarii,
2338 2742 2465 2817 alii
2494 2749 2712 2819 extra

543 2838 911 2932 ordinem,
962 2849 1090 2913 aut
1139 2849 1347 2913 sorte
1400 2849 1526 2913 aut
1576 2839 1963 2939 suffragiis
2013 2843 2273 2914 creati.
2385 2845 2495 2914 Ac
2553 2846 2710 2941 pri·
2765 2839 2774 2850 “

539 2961 737 3031 mum
785 2937 1197 3010 Praetores
1260 2947 1475 3022 erant
1541 2947 1747 3011 sorte
1799 2939 2032 3011 creati
2063 2939 2163 3030 ¹),
2232 2935 2323 3011 de
2392 2964 2707 3039 quorum

539 3059 853 3106 numero
903 3060 1058 3106 non
1109 3035 1433 3111 constat.
1530 3036 1628 3109 Hi
1688 3033 2004 3113 mulctas
2053 3060 2098 3106 a
2146 3034 2712 3132 magistratibus

544 3134 677 3203 aut
721 3128 1093 3213 iudicibus
1142 3133 1564 3229 impositaS,
1618 3157 1809 3231 quae
1862 3128 2156 3231 quidem
2205 3135 2284 3204 in
2330 3129 2710 3229 publicum

547 3225 944 3320 cederent,
1009 3229 1437 3325 ‚exigebant
1464 3229 1569 3321 ²),
1650 3231 2109 3328 exactasque
2185 3226 2709 3326 receptoribus

540 3320 1062 3410 numerabant,
1160 3327 1412 3410 Porro
1463 3324 1778 3405 Poletae
1830 3323 2110 3418 decem,
2162 3327 2286 3426 qui
2338 3329 2415 3399 et
2460 3323 2706 3423 publi·

684 3527 746 3601 3)
787 3530 1064 3603 Ilm-poor,
1104 3548 1158 3627 s.
1188 3548 1246 3589 v.
1283 3527 1416 3595 κατὰ
1445 3527 1533 3600 τὴν
1567 3530 1785 3607 ἀγοράν.
1857 3533 2036 3605 Ροῑὶί.
2065 3532 2246 3602 Legg.
2282 3532 2404 3585 Att.
2439 3551 2493 3605 p.
2532 3531 2656 3589 495.
2677 3533 2713 3599 ἶ

688 3635 756 3705 4)
792 3639 884 3691 De
918 3635 1120 3697 horum
1153 3654 1394 3694 numero
1433 3644 1491 3691 et
1522 3640 1771 3708 negotiis
1807 3638 1923 3691 vid.
1959 3638 2210 3703 Boeokb.
2251 3639 2290 3693 l.
2326 3638 2367 3694 l.
2403 3659 2459 3713 p·
2495 3639 2585 3694 90.
2624 3639 2693 3695 91

545 3740 876 3869 mffi⁵t)'‚1ds
914 3742 1007 3803 ἰδέ
1034 3725 1098 3817 Ῥ.
1145 3746 1235 3807 52.-
1273 3745 1374 3811 53,
1418 3743 1521 3809 nbi
1570 3752 1629 3808 ‚et
1676 3745 1747 3799 de
1794 3750 2182 3819 prqmetretis,
2226 3753 2712 3813 metronumotum

553 3875 560 3880 ,
632 3877 641 3881 ,
687 3833 714 3868 s
738 3833 834 3877 ris.

686 3917 753 3992 6)
790 3922 990 3987 Meier,
1028 3921 1198 3988 Proc.
1233 3925 1357 3983 Διί.
1393 3934 1453 4000 p.
1489 3922 1579 3979 86.
1616 3923 1706 3985 87.

692 4025 756 4096 7)
791 4028 992 4107 Ιῷ,ίΒ.
1030 4042 1086 4096 Ρ.
1123 4028 1381 4093 83-86.
1452 4031 1546 4097 Cf.
1584 4030 1716 4086 infr.
1755 4049 1880 4109 cap.
1916 4030 1953 4096 6
1988 4030 2042 4098 §-
2079 4031 2169 4089 50.

691 4132 751 4201 1)
784 4135 924 4189 Lex.
962 4137 1207 4206 Seguer.
1243 4149 1299 4203 P.
1336 4137 1458 4207 19⁰,
1493 4138 1583 4203 26.

692 4239 759 4313 2)
784 4244 947 4297 Hinc
975 4242 1263 4318 ἐγγράφειν
1293 4261 1349 4298 v.
1382 4243 1691 4320 ἐπιγράφειν
1717 4247 1819 4304 uic
1847 4244 2156 4324 πρόπυρων
2198 4246 2237 4298 i.
2272 4264 2326 4319 q.
2358 4264 2569 4311 nomen
2606 4243 2709 4299 ali-

553 4314 716 4379 enius
768 4316 1127 4388 praetoribus
1178 4314 1436 4384 indicare
1491 4317 1567 4384 ad
1596 4315 1893 4384 mnoltm
1942 4316 2297 4389 exigendam
2376 4319 2597 4385 Αιιάοο,
2637 4317 2709 4381 de
