3067 4975
676 369 821 444 IV.
874 378 938 444 1.
991 370 1111 442 De
1159 371 1743 468 Spartanorum
1789 393 1880 443 re
1912 362 2254 483 Ρὸιῦζεὶξᾳ.
2405 374 2549 449 115

369 548 735 653 sciplinae
813 552 1334 624 communione
1411 548 1662 624 aditus
1724 548 1821 625 ad
1886 553 2258 631 civitatem
2322 552 2545 632 datus

367 676 539 729 esse
607 647 902 721 videtur
929 647 1039 743 ⁴):
1104 648 1272 720 aliis
1333 650 1583 733 autem
1647 645 1834 722 haec
1894 672 2216 749 perraro
2263 654 2541 753 imper-

368 749 511 820 ma
537 747 605 845 ⁵)
661 751 835 819 ante
887 747 1085 843 Agin
1134 745 1249 816 111
1301 748 1376 818 et
1427 743 1909 819 Cleomenem
1935 747 2072 839 111,
2123 751 2251 847 qui
2297 759 2383 822 ut
2432 754 2540 824 vi-

364 870 494 919 res
521 844 634 917 rei
657 839 1005 941 publicae
1032 841 1406 939 augerent
1429 839 1796 941 plurimos
1824 845 1902 918 et
1925 840 2252 919 flelotas
2291 848 2368 918 et
2393 836 2540 920 Pe-

359 944 665 1016 rioecos
693 940 769 1013 et
805 942 1259 1038 peregrinos
1301 963 1598 1039 qnoque
1638 942 2094 1039 receperunt
2118 942 2217 1038 ὅ).
2295 940 2541 1041 Spar-

364 1041 715 1112 tanorum
740 1032 988 1108 trihus
1019 1036 1176 1108 tres
1204 1035 1458 1128 erant,
1498 1037 1795 1110 veteres
1818 1034 1995 1110 illae
2019 1037 2395 1134 Doricae,
2445 1040 2541 1117 de

366 1131 640 1256 quibus
693 1159 926 1231 supra
975 1130 1251 1205 dictum
1305 1133 1459 1208 est:
1524 1130 1784 1206 harum
1850 1130 2090 1208 denae
2141 1138 2360 1236 erant
2408 1165 2540 1211 cu-

356 1258 556 1326 riae,
624 1255 816 1400 quas
881 1229 1248 1327 Spartani
1312 1225 1505 1302 obas
1557 1226 1951 1304 dixerunt:
2012 1226 2207 1306 obae
2269 1258 2539 1311 rursus

357 1333 437 1402 in
486 1354 638 1428 gen
679 1353 760 1402 es
808 1329 985 1400 item
1040 1324 1273 1413 denas
1326 1324 1612 1401 divisae
1663 1325 1897 1404 fuisse
1927 1325 2300 1423 videntur,
2346 1356 2540 1430 gen-

363 1428 480 1501 tes
564 1424 885 1525 denique
973 1426 1052 1498 in
1129 1420 1451 1496 familias
1508 1424 1812 1521 ’(οἴκους)
1879 1425 2245 1520 tricenas,
2331 1437 2537 1503 certe

354 1521 532 1597 inde
583 1548 630 1595 a
681 1518 1069 1621 Polydoro
1123 1545 1338 1688 rege,
1388 1526 1470 1592 ut
1517 1522 1915 1594 universus
1966 1519 2230 1595 harum
2278 1550 2537 1600 nume-

353 1646 486 1694 rus
537 1619 746 1694 esset
794 1641 1065 1692 novem
1117 1621 1214 1690 mi
1245 1615 1424 1689 lium
1452 1618 1538 1712 ⁷).
1612 1617 1811 1690 Post
1861 1616 2348 1695 Cleomenem
2400 1649 2534 1696 au-

356 1718 533 1811 tem,
580 1718 925 1817 plurimis
979 1712 1428 1811 alienigenis
1477 1718 1551 1786 in
1606 1715 1983 1788 civitatem
2010 1719 2364 1817 receptis,
2418 1747 2538 1795 ve-

360 1820 485 1888 tus
565 1811 750 1888 haec
823 1809 1086 1912 populi
1171 1810 1437 1885 divisio
1519 1806 1808 1884 abolita
1881 1810 2224 1914 aliaeque
2287 1813 2536 1891 tribus
2649 1889 2654 1893 ,

349 1909 597 1987 sactae
644 1908 991 1985 videntur
1042 1932 1147 1984 ex
1196 1904 1410 1981 urbis
1458 1906 1938 2007 regionibus,
1989 1935 2178 2010 quas
2209 1915 2537 2016 quinque

347 2005 583 2085 fuisse
633 2010 762 2080 vix
812 2004 1144 2080 dubitari
1190 2010 1445 2105 potest
1471 2006 1567 2104 ⁸).

492 2229 559 2303 4)
597 2231 772 2305 Apud
806 2228 1079 2303 Xenoph.
1113 2228 1270 2286 nell.
1306 2230 1388 2300 V,
1421 2230 1477 2299 Β,
1513 2229 1552 2284 9
1585 2232 1650 2284 in
1683 2227 1945 2299 Agesilai
1982 2233 2243 2287 exercitu
2291 2252 2538 2289 comme-

350 2311 648 2359 morantur
681 2308 815 2367 ξένα
845 2303 949 2356 τῶν
979 2304 1249 2377 τροφίμων
1278 2303 1644 2373 καλουμένων,
1695 2320 1840 2374 quoe
1877 2301 2014 2357 licet
2057 2322 2179 2357 non
2213 2305 2536 2377 Spartiatae

349 2395 478 2431 ease
514 2381 801 2449 appareat,
840 2383 1289 2428 cousentaneum
1324 2379 1518 2426 tamen
1558 2381 1646 2426 eat
1679 2371 1907 2427 facilius
1943 2393 2113 2447 quam
2149 2374 2297 2431 alios
2344 2378 2418 2431 ad
2456 2380 2536 2432 ci·

345 2450 586 2503 vitatem
624 2449 932 2521 pervenire
966 2448 1243 2519 potuisse.
1309 2447 1509 2572 inque
1558 2444 1673 2499 hue
1721 2447 1973 2517 pertinet
2019 2449 2191 2502 etiam
2235 2447 2534 2504 Plutarch.
2580 2463 2587 2470 ·

344 2523 557 2576 Institt.
604 2522 820 2574 Lacon.
856 2537 954 2574 no.
995 2520 1067 2573 22
1101 2522 1241 2575 tom.
1278 2518 1305 2571 1
1389 2537 1448 2590 Ρ.
1487 2517 1596 2574 178
1642 2515 1933 2587 Tauchn„
1978 2537 2324 2593 quamquam
2366 2521 2533 2576 loeus

350 2593 667 2647 lacunoaue
701 2601 761 2645 et
796 2599 1101 2662 corruptus
1123 2596 1228 2643 est.

486 2695 550 2768 5)
590 2697 867 2753 Herodot.
904 2696 1012 2759 IX,
1047 2696 1122 2750 33
1160 2701 1218 2748 et
1251 2696 1340 2751 35.
1413 2694 1506 2750 Cf.
1543 2691 1842 2749 Plutarch.
1879 2696 2055 2751 Dion.
2092 2715 2142 2756 ο.
2181 2698 2268 2753 17.
2311 2700 2532 2757 Meurs.

328 2771 593 2838 ,Miscelh
629 2772 842 2825 Lacon.
874 2770 983 2836 IV,
1023 2769 1111 2822 10.

483 2875 548 2948 6)
587 2876 876 2931 Plutarch.
914 2877 1025 2945 Ag.
1065 2894 1114 2929 ο.
1153 2874 1205 2932 8.
1246 2872 1467 2929 Cleom.
1504 2891 1556 2926 ο.
1595 2871 1663 2926 11
1705 2879 1764 2928 et
1798 2875 1890 2930 23.

492 2983 565 3051 7)-
595 2986 686 3038 De
721 2983 853 3038 ohia
890 2982 1007 3040 vid.
1047 2980 1343 3036 Plutarch.
1381 2980 1633 3051 Lyeurg.
1672 2999 1723 3036 ο.
1761 2981 1815 3037 6.
1894 2978 2166 3035 Mueller.
2201 2984 2345 3037 Dor.
2377 2985 2437 3039 Π
2469 3005 2529 3056 Ρ.

346 3054 434 3113 78.
513 3057 735 3109 Gentes
771 3052 975 3126 (γένη)
1025 3054 1181 3127 quod
1227 3054 1401 3106 seiam
1451 3071 1488 3106 a
1521 3054 1755 3107 nemine
1803 3052 2017 3106 diserte
2065 3061 2379 3121 vocantur5
2426 3056 2530 3109 sed

343 3146 490 3252 ἓιιοσ
532 3127 860 3202 Herodotus
896 3127 944 3194 1,
981 3124 1055 3181 65
1091 3131 1497 3179 commemorat
1530 3124 1820 3198 mooeaeoidizc
1852 3121 2154 3196 probabile
2191 3131 2311 3214 est,
2366 3133 2527 3180 entes

344 3196 1409 3341 0333&Zmiffss'ziss'ssffmhfflffl'uss
1433 3193 2093 3334 ’ἒῑῗᾟῖἓέἴαὲἓὲἕὲῗ’
2124 3198 2529 3325 ’ἒέῗῖῗιυῖιιῖἰῖ

344 3362 400 3408 Ρ.
436 3343 505 3396 81
543 3361 630 3414 sq.
702 3340 1056 3395 Lachmann.
1089 3361 1147 3414 Ρ.
1191 3341 1323 3407 133,
1373 3340 1473 3413 qui
1518 3345 1714 3392 tamen
1760 3340 1822 3391 in
1871 3357 1940 3390 eo
1978 3337 2202 3392 fallitur
2237 3340 2391 3412 qnod
2428 3341 2527 3393 de-

348 3432 454 3467 nas
490 3414 760 3482 gentihus
795 3412 1063 3480 familiae,
1102 3414 1349 3465 tricenas
1387 3412 1514 3464 obis
1550 3419 1755 3479 gentes
1795 3409 2018 3478 trihuit,
2051 3412 2114 3463 in
2151 3429 2403 3465 errorem
2438 3415 2529 3465 in-

346 3485 551 3539 ductus
590 3485 738 3539 falsa
775 3503 903 3540 voe.
938 3483 1153 3558 τριακᾶς
1186 3485 1679 3555 interpretatione,
1758 3499 1888 3536 uam
1925 3491 2143 3552 partem
2179 3486 2527 3553 trigesimam

343 3556 668 3626 significare
705 3556 903 3625 credit,
942 3574 1116 3628 quum
1153 3555 1440 3623 significet
1475 3560 1661 3609 totum
1699 3571 1735 3606 a
1758 3553 1937 3626 iquod
1981 3556 2218 3621 triginta
2264 3556 2524 3628 partibus

344 3639 632 3682 constans.
700 3629 856 3681 Nam
906 3626 1063 3699 quod
1109 3629 1326 3680 Aratus
1377 3625 1692 3680 Plnaenom.
1728 3644 1786 3680 ν.
1824 3625 1932 3679 554
1969 3631 2029 3678 et
2065 3626 2172 3680 702
2218 3626 2452 3691 (citatus
2490 3645 2526 3680 a

343 3699 643 3754 Boeclshio
684 3701 855 3771 Corp.
892 3700 1075 3752 Inter.
1102 3700 1135 3753 1
1169 3718 1226 3771 Ρ.
1262 3694 1420 3769 900.)
1471 3700 1702 3771 poetica
1746 3695 1986 3750 licentia
2028 3695 2335 3751 mancida
2382 3699 2528 3752 dixit

340 3791 446 3844 pro
497 3772 927 3845 δωδεκατημορίῳ
984 3788 1105 3825 non
1152 3772 1361 3842 opinor
1409 3769 1720 3844 quidquam
1755 3768 1956 3822 valere
1991 3768 2065 3822 ad
2098 3767 2261 3823 illam
2293 3778 2527 3823 senten-

344 3847 481 3897 tiam
518 3844 894 3918 probandam.

481 3947 548 4021 8)
583 3949 786 4014 Mesoa,
820 3945 1049 4013 Πιτάνα,
1084 3944 1405 4022 Κννὸσουρα,
1440 3948 1645 4018 Λίμναι
1680 3955 1756 4016 et,
1789 3952 1857 4002 ut
1891 3946 2139 4012 videtur,
2172 3946 2343 4019 Δῦμα.
2381 3949 2523 4004 vid.

344 4021 456 4080 loe.
491 4041 585 4096 ap.
622 4020 895 4076 Mueller·
927 4020 989 4073 11
1034 4039 1093 4091 Ρ.
1129 4020 1202 4073 49
1249 4027 1308 4072 et
1353 4016 1614 4072 Boeckh.
1666 4020 1735 4077 C.
1768 4019 1833 4074 J.
1871 4020 1903 4074 1
1948 4039 2006 4092 Ρ.
2044 4019 2169 4075 609.
2245 4022 2368 4074 Has
2425 4024 2524 4109 qui

340 4095 528 4149 tribua
573 4101 788 4147 vocant
825 4090 980 4146 tituli
1017 4098 1077 4144 et
1107 4090 1418 4163 scriptores
1455 4108 1658 4144 omnes
1705 4097 1843 4145 aunt
1878 4089 2193 4146 Cleomene
2238 4101 2527 4147 recentio-

341 4185 456 4234 res,
508 4174 566 4220 et
602 4168 977 4219 mutationem
1027 4161 1256 4233 qualem
1300 4180 1479 4234 supra
1528 4182 1544 4192 ·
1571 4163 1699 4215 osui
1745 4181 1878 4218 eum
1921 4162 2251 4218 Cleomenis
2298 4163 2526 4233 legibus

343 4242 711 4291 coniunctam
772 4235 955 4289 fuisse
1012 4252 1106 4287 rea
1154 4234 1282 4305 ipsa
1325 4243 1394 4289 ut
1428 4189 1729 4287 credamus
1764 4235 2091 4323 persuadet.
2161 4237 2526 4307 Quamquam

343 4312 821 4453 Smai‘sstssae.
841 4302 1856 4448 fflss‘ssffmffssdiiiffrd‘xffiiiiff
1873 4306 2278 4448 ἕὲἻῗοὲἒῖ
2313 4309 2540 4451 ,ῗὶἷὲῗῖἴ

1432 4415 1448 4431 .
1962 4417 1980 4448 ,
2504 4413 2520 4436 .

2061 4454 2100 4494 ο
