3067 4975
606 396 679 467 1.
741 394 863 470 De
907 391 1082 467 iure
1121 392 1475 484 gentium
1520 392 1607 466 in
1654 392 2114 470 unbem-sum.
2319 395 2469 477 369
2517 391 2524 398 ’

298 584 512 658 certo
562 571 905 677 Jquodam
970 574 1340 670 utrimque
1390 568 1699 647 militum
1745 586 2062 650 numero
2112 601 2261 652 non
2312 604 2467 656 ma-

296 704 457 779 gno
521 678 717 749 inter
790 697 875 745 se
941 665 1471 742 committendo
1499 670 1602 759 ⁵),
1678 698 1995 770 quorum
2046 677 2318 749 eventu
2366 681 2472 750 vi-

301 777 546 850 ctoria
609 768 988 843 finiretur:
1061 769 1239 837 item
1301 789 1397 836 ue
1463 791 1841 842 armorum
1914 769 2280 869 quaedam
2326 798 2468 870 ge-

299 897 487 946 nera
536 872 613 942 in
663 863 977 965 proeliis
1022 885 1392 960 usurpare
1420 865 1522 958 ⁶),
1594 890 1781 939 neve
1844 863 2156 964 fug-atos
2203 867 2470 944 hostes

295 968 498 1043 ultra
548 977 801 1038 certos
851 964 1207 1034 terminos
1256 964 1609 1061 persequi
1658 960 1921 1037 liceret
1944 964 2032 1061 ⁷).
2114 967 2470 1040 Commu-

302 1069 432 1140 nia
477 1088 662 1136 vero
713 1057 1084 1133 bellorum
1135 1058 1303 1127 iura
1330 1056 1396 1152 ⁸)
1448 1054 1635 1132 haee
1687 1066 1939 1154 erant,
1998 1065 2085 1134 ut
2135 1066 2261 1163 qui
2309 1088 2469 1137 ma-

296 1189 441 1237 nus
492 1157 760 1232 darent
805 1159 880 1228 in
988 1150 1242 1228 roeliis
1291 1178 1385 1226 ne
1434 1155 2040 1231 interimerentur
2088 1184 2135 1233 a
2181 1163 2475 1235 victore
2551 1168 2556 1170 *

299 1256 438 1336 sed
490 1257 765 1353 captivi
817 1180 1369 1326 abd‘ueerentur
1394 1252 1500 1343 9),
1547 1255 1783 1355 utque
1831 1255 2305 1353 permutandi
2343 1283 2472 1340 ea,

360 1354 674 1443 tivos¹⁰)
742 1352 873 1423 aut
939 1344 1348 1421 redimendi
1414 1345 1759 1424 hostibus
1822 1358 2166 1449 potestas
2225 1351 2471 1449 fieret,
2575 1444 2582 1450 ι

300 1480 379 1527 ιιι
433 1475 582 1551 quo
635 1443 1044 1547 aliquando
1097 1447 1319 1516 etiam
1370 1452 1580 1519 certa
1629 1445 2173 1546 redemptionis
2220 1456 2472 1548 pretia

301 1575 449 1623 usn
501 1548 632 1619 aut
678 1546 920 1644 pactis
971 1542 1378 1614 constituta
1428 1544 1782 1639 erant¹¹).
1896 1544 2055 1632 Qui
2106 1571 2247 1620 nee
2296 1573 2474 1645 per-

295 1648 571 1735 mutati
619 1664 761 1714 nee
809 1637 1176 1738 redempti
1228 1646 1502 1732 essent,
1553 1644 1751 1714 servi
1784 1639 2105 1717 fiebant:
2158 1648 2323 1717 erat
2377 1672 2475 1722 ue

306 1743 498 1817 haee
547 1739 1042 1839 plurimorum
1091 1736 1474 1810 servitutis
1524 1740 1749 1836 origo
1772 1740 1891 1833 ¹²).
1976 1737 2200 1839 Apud
2246 1668 2476 1819 Adno-

280 2065 284 2072 .
318 2056 494 2124 χῆγων
528 2053 736 2107 'dieitur
771 2065 807 2101 a
841 2045 1130 2099 Strabone
1162 2046 1334 2114 vm,
1375 2048 1414 2103 3
1460 2069 1516 2122 Ρ.
1560 2050 1686 2106 357.
1760 2050 1855 2106 cf.
1899 2052 2180 2107 Herodot.
2228 2055 2337 2125 lx,
2382 2059 2476 2116 26,

306 2132 558 2185 Pausan.
597 2126 676 2192 V,
712 2123 766 2188 4,
806 2120 1072 2186 huicg.
1105 2118 1294 2172 Laert.
1335 2120 1383 2186 l,
1422 2120 1510 2176 74.
1582 2124 1873 2177 Demarat.
1921 2144 2011 2198 ap.
2049 2126 2284 2182 Stohae.
2319 2130 2478 2187 Flor.

306 2203 370 2258 11
404 2220 457 2273 Ρ.
496 2199 565 2252 74
603 2192 807 2257 ἃοίεΐ.,
841 2190 941 2243 uhi
981 2192 1424 2258 tergeminorum
1457 2211 1655 2266 pugna
1688 2199 2031 2268 proponitur
2064 2197 2236 2268 plane
2276 2207 2342 2253 ut
2373 2202 2479 2257 fn.

308 2276 465 2326 inter
498 2270 771 2322 Horatios
810 2262 1223 2389 eStSCuriatios.
1291 2261 1429 2317 Alia
1472 2265 1593 2320 vid.
1648 2285 1741 2339 ap.
1795 2268 2203 2326 Waohsmuth.
2252 2270 2323 2324 de
2366 2275 2479 2329 im.

316 2348 500 2413 gentt.
534 2359 591 2411 Ρ.
629 2339 697 2392 47
738 2341 796 2388 et
903 2371 918 2388 .

457 2460 522 2536 5)
559 2463 878 2519 Notissima
915 2464 1002 2513 est
1036 2477 1230 2532 pugna
1265 2459 1684 2535 Spartanorum
1730 2466 2118 2520 trecentorum
2161 2482 2290 2522 eum
2342 2470 2478 2524 toti-

314 2538 445 2592 dem
480 2537 732 2606 Argivis.
802 2532 1089 2586 Herodot.
1129 2535 1180 2600 1,
1216 2533 1303 2587 82.
1341 2534 1594 2589 Pausan.
1631 2536 1708 2602 Π,
1743 2534 1837 2590 38.

456 2644 524 2706 6)
550 2644 709 2694 luter
733 2638 1141 2694 Chalcidenses
1160 2646 1218 2693 et
1234 2640 1588 2706 Eretienses,
1620 2636 1697 2711 μὴ
1710 2639 1941 2714 χρῆσθαι
1956 2603 2240 2711 τηίεβὸλοις.
2275 2644 2476 2701 Strah.

313 2716 483 2848 {iu}
513 2733 586 2839 31:-
631 2713 756 2813 448.
848 2711 1052 2764 Simile
1112 2711 1251 2784 qnid
1295 2710 1369 2766 de
1414 2711 1711 2767 veteribus
1753 2711 2006 2766 Achaeis
2045 2713 2225 2769 refert
2271 2715 2481 2788 Polyb.

333 2894 343 2903 ‘
459 2888 523 2963 7)
563 2885 827 2956 Thucyd.
861 2887 942 2955 V,
977 2887 1067 2942 41.
1184 2919 1193 2924 ·

461 2997 530 3064 8)
585 2997 822 3064 Πολέμου
867 2992 1029 3064 νόμοι.
1101 2992 1315 3064 Polyb.
1358 2994 1437 3059 V,
1482 2994 1538 3063 9,
1582 2994 1633 3050 l.
1704 2995 1793 3063 11,
1838 2997 1891 3051 3.
1962 2995 2303 3068 Δικαιώματα
2333 3002 2481 3059 πολέ-

318 3090 441 3144 μων
473 3068 577 3140 (9)
614 3065 961 3123 Aristotelis.
1031 3065 1171 3121 vid.
1207 3071 1471 3119 Ammon·
1506 3086 1554 3123 s.
1592 3085 1651 3125 v,
1686 3066 1798 3135 νῆες
1827 3068 1965 3141 ihiq.
2006 3068 2393 3126 Valckenaer.

464 3177 524 3240 9)
563 3170 833 3243 Thucyd.
860 3171 970 3237 ²111,
1007 3170 1096 3226 58.
1133 3171 1220 3226 66.
1257 3173 1345 3227 67.
1416 3170 1509 3226 Cf.
1548 3172 1737 3226 Peith.
1773 3176 2080 3247 Antiquitt.
2117 3175 2351 3229 Homer.
2374 3179 2485 3250 111,

323 3250 413 3307 14.
486 3247 653 3301 Alios
691 3244 967 3314 captivos,
1003 3244 1102 3313 qui
1138 3262 1258 3297 non
1290 3246 1400 3317 ipsi
1434 3262 1500 3299 se
1538 3244 1908 3315 dedidissent,
1944 3263 2357 3318 saepenumero
2395 3254 2485 3305 in-

323 3322 596 3376 terfectos
633 3334 761 3371 esse
798 3320 1041 3367 constat.

464 3423 560 3493 10)
600 3421 861 3494 Thucyd.
895 3422 971 3487 11,
1008 3421 1130 3475 103.
1199 3420 1279 3486 V,
1313 3421 1371 3477 3.

469 3530 573 3599 11)
608 3525 821 3584 -Τακιόν
863 3547 920 3581 v.
970 3523 1121 3603 ρητόν
1153 3524 1402 3601 ἀργύριον
1437 3532 1882 3583 commemorant
1921 3546 1973 3582 a.
2010 3546 2060 3584 ο.
2100 3529 2345 3600 Thueyd
2396 3532 2490 3584 lv

323 3604 414 3660 69.
503 3601 760 3673 Xenoph.
820 3599 977 3654 Hell.
1035 3600 1142 3664 VI,
1195 3602 1247 3664 2,
1308 3599 1398 3653 36.
1481 3601 1642 3653 Inter
1686 3599 2143 3671 Peloponnesios
2189 3607 2351 3656 erant
2399 3602 2492 3656 δύο

325 3680 483 3747 μνέαι
522 3677 832 3746 τεταγμέναι
875 3671 984 3726 κατ’
1029 3666 1198 3742 ἄνδρα
1246 3668 1579 3740 αῖχμάλωτυν
1619 3672 1841 3724 ἐκτίνειν.
1915 3672 2196 3726 Herodot.
2243 3674 2347 3737 vi,
2404 3675 2490 3728 79.

331 3747 609 3816 Singulae
656 3746 847 3797 minae
903 3742 1212 3815 aliquando
1246 3744 1397 3793 inter
1434 3741 1769 3796 Corinthios
1807 3748 1866 3795 et
1899 3743 2289 3810 Megarenses.
2350 3746 2494 3798 Am·

331 3833 485 3940 'iffi‘
520 3816 1000 3950 {aizss‘iifissssi'u
1023 3811 1355 3939 ‘'ffliesswss
1387 3813 2492 3942 ¹3}”⁹⁸4?J23?³5032’.3352522323

336 3960 575 4012 Aristot·
627 3957 816 4013 Ethie.
862 3959 1088 4013 Nicom.
1136 3958 1199 4008 V
1236 3974 1284 4010 e.
1323 3957 1407 4009 10.
1499 3957 1658 4009 Inter
1710 3956 2063 4009 Demetrium
2111 3957 2492 4014 Poliorcetam

342 4033 399 4080 et
441 4028 704 4083 Rhodios
750 4031 816 4083 M
855 4026 1155 4082 drachmae
1200 4026 1369 4080 liheri
1411 4025 1686 4095 hominis,
1742 4028 1795 4080 D
1835 4026 2140 4081 drachmae
2172 4032 2325 4083 servi
2361 4050 2492 4102 pre-

338 4100 480 4152 tium
557 4109 758 4155 aetum.
823 4100 1068 4154 Diodor.
1102 4098 1243 4166 XX,
1279 4099 1366 4154 84.
1438 4100 1509 4152 In
1560 4102 1816 4153 univers.
1853 4099 1925 4153 de
1959 4101 2123 4153 varia
2152 4101 2342 4175 λεπρῶν
2372 4121 2495 4155 ma·

339 4165 506 4237 gnitn
549 4175 639 4226 ‘ne
693 4171 763 4226 ef.
800 4170 1061 4226 Boeekh.
1099 4189 1220 4225 oee.
1255 4189 1305 4223 r·
1341 4190 1394 4241 Ρ.
1426 4172 1502 4224 A.
1538 4172 1571 4225 Ι
1605 4183 1661 4237 P.
1701 4171 1787 4224 77.
1824 4169 1914 4224 78.
1982 4172 2496 4229 Commemoranda

341 4244 514 4296 etiam
550 4242 650 4299 lex
682 4246 877 4299 Attica
910 4248 972 4298 in
1011 4249 1158 4297 orat.
1193 4243 1255 4295 in
1289 4243 1504 4297 Neser.
1538 4262 1596 4315 Ρ.
1632 4241 1774 4299 1249
1811 4248 1958 4299 extr.
1995 4243 2139 4298 12⁵0
2169 4245 2250 4299 in.

481 4346 584 4412 12)
619 4352 858 4406 Aristot-
893 4348 1066 4406 Polit.
1102 4351 1155 4414 1,
1188 4351 1242 4417 2,
1280 4347 1368 4404 16.
2009 4417 2108 4495 24
