3067 4975
1027 394 1097 467 6.
1145 393 1268 468 De
1311 391 1639 472 &adiciam
2337 393 2487 469 285

330 581 398 654 si
447 576 740 651 contra·
766 578 997 651 civem
1049 578 1434 675 ageretur,
1483 573 1703 650 buius
1732 572 2138 652 tribulibus
2164 578 2255 670 2),
2301 601 2485 675 pro-

323 677 869 775 nunciataeque
922 672 1020 764 ab
1087 673 1201 748 bis
1266 676 1688 747 sententiae
1752 669 2279 748 subscribebat
2328 700 2485 748 ma-

321 777 693 871 gistratus
721 774 811 864 ³).
924 773 1424 848 Sacramenta
1483 769 1695 843 nulla
1751 766 2267 870 ponebantur,
2347 770 2486 845 sed

321 872 612 943 tantum
660 872 1073 965 παράστασις,
1120 866 1461 964 singulae
1510 865 1933 959 drachmae,
1994 891 2220 969 quum
2268 870 2484 942 initio

325 965 476 1041 litis
520 973 697 1039 ⁴tum
761 963 1058 1065 quoties
1108 963 1267 1040 dies
1318 962 1652 1038 diffissus
1703 969 1869 1037 erat
1896 962 1996 1056 4),
2059 988 2252 1066 quae
2304 967 2482 1064 quin

324 1058 839 1137 restituendae
901 1056 996 1129 ab
1058 1086 1150 1133 eo
1215 1064 1339 1160 qui
1388 1086 1620 1133 causa
1680 1060 2079 1134 cecidisset
2125 1059 2485 1135 adversa-

324 1163 444 1233 rio
495 1157 776 1250 suerint
826 1150 1152 1229 dubitari
1199 1183 1351 1230 non
1402 1161 1679 1257 potest.
1757 1153 2173 1257 Epobeliae
2221 1162 2297 1230 in
2348 1156 2484 1230 bu-

321 1252 646 1330 iusmodi
709 1251 1001 1327 iudiciis
1059 1251 1471 1354 periculum
1533 1280 1688 1329 non
1735 1252 1972 1329 fuisse
2022 1280 2164 1328 sua
2211 1255 2486 1354 sponte

327 1358 663 1451 apparet.

1251 1531 1314 1603 §-
1362 1520 1508 1595 LX
1513 1570 1534 1593 .

511 1687 686 1760 Jam
738 1683 833 1760 de
866 1688 1312 1763 executione
1354 1690 1892 1763 sententiarum
1924 1684 2313 1762 dicendum
2345 1688 2483 1761 est.

321 1786 433 1857 Ac
479 1788 791 1882 primum
833 1782 1140 1953 ¹‹iluidem
1188 1788 1268 1858 in
1316 1789 1566 1859 causis
1612 1788 1950 1885 privatis,
2000 1789 2065 1858 si
2094 1788 2262 1885 quis
2302 1787 2484 1856 civis

296 1883 616 1954 'Atticus
680 1906 827 1982 quo
944 1878 1482 1956 condemnatus
1546 1884 1713 1957 erat
1785 1881 2248 1957 adversario*
2284 1882 2489 1954 intra
2540 1931 2545 1944 ·

324 1976 796 2078 praefinitum
847 1975 1039 2052 diem
1089 1982 1237 2069 (τὴν
1276 1981 1715 2070 προθεσμίαν)
1754 1979 1820 2078 ¹)
1868 2004 2022 2052 non
2061 1979 2487 2078 praestitis-

328 2078 474 2168 set,
523 2072 619 2148 ab
671 2073 840 2170 boc,
902 2099 1046 2174 pro
1097 2099 1181 2148 re
1229 2077 1434 2166 nata,
1484 2084 1613 2152 aut
1658 2080 1988 2176 pignora
2036 2099 2309 2174 capere
2360 2080 2491 2146 aut

323 2175 406 2245 in
478 2171 677 2245 bona
751 2175 911 2246 eius
968 2176 1080 2245 ire
1117 2172 1185 2265 2)
1257 2178 1385 2246 aut
1447 2182 1698 2266 καρποῦ
1748 2170 1867 2246 vel
1918 2176 2186 2244 ἐνοικίου
2224 2172 2290 2267 3)
2345 2170 2493 2264 ἱειιιίῑ

328 2267 649 2369 denique
698 2272 955 2358 ἐξουλῆς
1003 2272 1373 2342 actionem
1397 2268 1465 2365 ⁴)
1520 2272 1592 2343 ei
1639 2266 2029 2344 intendere
2076 2266 2309 2361 licuit,
2359 2292 2490 2339 cu-

324 2369 446 2439 ius
495 2362 785 2465 quidem
837 2365 1021 2439 baec
1068 2368 1180 2438 vis
1229 2372 1418 2460 erat,
1477 2368 1585 2457 ut,
1650 2370 1775 2466 qui
1825 2367 2209 2441 convictus
2260 2370 2490 2458 esset,

329 2460 764 2537 tantundem
826 2465 940 2537 rei
1002 2459 1350 2561 p'ubticae
1415 2466 1768 2564 quantum
1819 2459 2256 2538 adversario
2308 2486 2491 2535 con-

333 2558 847 2654 demnaretur,
912 2585 1000 2633 ac
1049 2562 1192 2632 nisi
1240 2559 1593 2652 solveret,
1641 2566 1868 2651 ἄτιμος
1916 2558 2155 2633 fieret.
2253 2560 2490 2633 Pere-

328 2661 531 2757 grini
580 2683 759 2730 vero
811 2660 944 2729 aut
988 2653 1310 2756 praedes
1360 2657 1543 2732 dare
1588 2656 1903 2755 iudicati⁴
1946 2653 2284 2729 solvendi
2335 2659 2491 2731 sta-

328 2760 459 2827 tim
506 2757 687 2854 post
731 2756 1299 2853 pronunciatam
1350 2757 1791 2829 sententiam
1820 2755 2022 2852 cogi,
2074 2756 2301 2826 autin
2339 2757 2492 2827 vin-

331 2851 518 2925 culis
585 2849 758 2924 dum
826 2848 1231 2923 solvissent
1293 2855 1533 2925 teneri
1584 2851 1939 2950 poterant
1965 2853 2057 2941 ⁵).
2157 2847 2492 2923 Publicis

327 2947 624 3022 iudiciis
679 2950 805 3048 qui
855 2945 1131 3020 aut'ad
1184 2947 1628 3053 supplicium
1678 2950 1809 3023 aut
1838 2946 1935 3022 ad
1963 2944 2258 3020 vincuia
2288 2944 2489 3019 dam-

469 3259 537 3332 2)
572 3262 712 3320 vid.
750 3279 925 3333 supra
960 3261 1017 3331 §.
1054 3263 1143 3326 51,
1180 3262 1231 3317 6.

421 3366 532 3497 823)
570 3367 863 3425 Demosth.
898 3368 1040 3423 Mid.
1065 3387 1119 3440 Ρ.
1146 3367 1272 3434 542,
1307 3366 1344 3423 8
1365 3386 1414 3424 o.
1437 3366 1619 3425 schol.
1646 3365 1874 3440 Ulpian.
1894 3367 2046 3426 Add.
2062 3367 2491 3427 Hudtwalcker.

327 3461 384 3514 Ρ.
496 3478 512 3495 .

470 3546 532 3616 4)
568 3548 709 3603 vid.
747 3546 803 3615 ξ.
842 3548 931 3612 51,
966 3546 1019 3603 9.
1093 3544 1528 3610 Hudtwalcker·
1565 3559 1623 3611 Ρ.
1664 3545 1912 3602 14-18.

470 3652 536 3721 1)
577 3655 747 3708 Proc.
787 3656 907 3707 Au.
963 3671 1010 3716 p.
1048 3650 1169 3709 746.
1243 3653 1364 3717 Qui
1404 3653 1730 3728 προθεσμίαν
1776 3662 1900 3708 non
1933 3659 2144 3721 servat,
2193 3647 2500 3729 ὕπερῆμερος

336 3725 560 3779 (licitur.
636 3725 779 3782 lbid.
818 3746 870 3797 Ρ.
909 3727 1031 3780 747.

475 3829 536 3898 2)
578 3830 912 3904 Ἐνεχυρασία
969 3850 1016 3884 s.
1073 3826 1412 3906 ἐνεχυρασμός
1463 3837 1521 3884 et
1574 3831 1820 3902 ἐμβαπίοι
1863 3849 1909 3884 s.
1956 3818 2257 3900 ἔμβᾶτευσις.
2356 3829 2493 3884 vid.

330 3903 498 3956 Proc.
533 3906 657 3957 Att.
696 3922 749 3974 Ρ.
787 3904 907 3958 747.
947 3902 1070 3958 748.
1143 3901 1576 3957 Hudtwalcker.
1610 3922 1665 3975 Ρ.
1705 3903 1809 3958 131
1845 3921 1930 3974 sq.
1972 3909 2034 3955 et
2068 3901 2186 3956 139.
2323 3918 2334 3925 “

472 4003 538 4077 3)
573 4011 744 4063 Proc.
780 4013 902 4064 Ate.
937 4029 994 4081 Ρ.
1033 4009 1156 4064 749.
1227 4008 1464 4062 Hudtw.
1498 4027 1555 4080 Ρ.
1579 4007 1702 4066 141.

470 4112 553 4202 A).
575 4117 742 4170 Proc.
778 4120 902 4170 Act.
950 4128 1009 4180 Ρ.
1046 4114 1169 4170 749.
1204 4115 1311 4171 Ἰ751
1349 4135 1432 4206 sq.
1467 4115 1798 4241 limitat-¹?-
1832 4113 1937 4169 134
1972 4131 2092 4186 sqq.
2134 4118 2194 4166 et
2228 4112 2330 4168 147
2365 4130 2488 4184 sqq.
2600 4170 2604 4179 ,

330 4186 425 4239 De
458 4187 585 4240 alus
621 4187 761 4254 δίκης
785 4188 980 4256 ἐξουλῆς
1009 4187 1523 4257 significatiombus
1557 4187 1678 4242 vid.
1765 4205 1812 4240 r·
1847 4189 1970 4241 Διὶ.
2003 4198 2061 4250 Ρ.
2085 4185 2209 4242 486.

474 4290 541 4359 ὅ)
585 4295 654 4347 Iu
685 4295 987 4368 ἐμπορικαῖς
1017 4294 1190 4351 ditate
1223 4297 1393 4349 etiam
1430 4299 1588 4350 cives
1623 4297 1686 4350 in
1720 4292 1957 4350 vincula
1992 4291 2198 4348 ooniioi
2230 4290 2488 4363 potuisse

333 4362 570 4418 Hudtw.
611 4364 779 4421 docet
811 4378 869 4431 Ρ.
907 4367 1012 4421 152
1046 4384 1131 4439 sq·
1167 4366 1240 4422 of.
1275 4369 1371 4422 Pr.
1405 4370 1525 4424 Att.
1561 4380 1620 4436 Ρ.
1657 4367 1784 4424 745.
