3067 4975
625 368 773 445 348
1028 372 1109 450 V.
1154 373 1276 449 De
1319 399 1415 450 re
1443 372 1764 479 publica
1806 376 2397 457 Atheniensium.

629 550 956 631 decorae
1005 554 1396 729 diffinitatis
1442 555 1695 659 plena,
1745 557 1922 659 quid
1969 557 2169 633 aliud
2216 563 2292 634 in
2321 556 2631 636 deorum
2663 559 2796 636 he-

626 674 996 751 roumque
1111 660 1299 729 actis
1359 661 1435 730 et
1498 660 1787 730 eventis
1850 656 2510 756 repraesentandis
2571 684 2793 759 quam

629 754 895 822 summi
928 751 1140 825 'illius
1191 754 1268 826 et
1315 779 1496 827 vere
1546 750 1776 826 divini
1826 758 2146 827 numinis
2175 755 2262 847 ⁵),
2337 758 2455 829 cui
2504 760 2797 853 pariter

630 850 884 918 omnia
956 848 1297 922 subiecta
1347 852 1558 944 sunt‚'
1607 853 1966 950 cuiusque
2014 854 2500 926 veneratione
2549 857 2796 927 omnis

629 941 905 1041 religio
970 950 1440 1035 continetur,
1515 950 1859 1046 graviter
1920 955 1996 1022 et
2044 946 2457 1023 luculenter
2506 957 2798 1049 specta-

626 1040 840 1113 tores
901 1039 1343 1118 admonuit?
1411 1048 1785 1118 Minorem
1849 1049 1925 1116 in
1972 1043 2138 1119 aliis
2184 1044 2631 1144 religionum
2678 1050 2798 1119 in-

628 1138 937 1234 stitutis,
985 1145 1063 1216 in
1115 1144 1606 1217 caeremoniis
1652 1140 2014 1242 festisque
2063 1145 2578 1237 sanctitatem,
2653 1169 2796 1218 nec

627 1235 784 1307 tam
834 1238 928 1311 ad
980 1264 1238 1312 sanam
1306 1265 1721 1340 puramque
1785 1242 2140 1339 pietatem
2220 1264 2440 1411 quam
2505 1239 2597 1313 ad
2665 1267 2795 1313 su-

624 1338 1146 1505 perstitionem
1196 1335 1558 1437 pleraque
1609 1335 2174 1411 accommodata
2257 1341 2501 1430 uisse,
2627 1337 2798 1409 uili-

686 1430 764 1503 et
800 1431 1183 1526 concedit3
1267 1434 1401 1510 sed
1462 1434 2063 1533 spectaculorum
2124 1442 2368 1508 tamen
2431 1462 2521 1508 ac
2611 1433 2801 1507 udo-⁵

626 1554 793 1604 rum
843 1531 1396 1626 solemnitateS‚
1468 1557 1722 1606 rerum
1786 1536 2026 1605 omnis
2086 1535 2395 1627 generis
2444 1529 2797 1631 pulcher·
2909 1604 2920 1613 ,

624 1631 979 1701 rimarum
1028 1626 1471 1727 adspectus,
1544 1634 1813 1703 artium
1874 1632 2389 1728 gymnicarum
2441 1636 2516 1702 et
2564 1633 2798 1701 musi-

624 1749 881 1798 carum
935 1728 1542 1804 concertationes
1604 1753 1755 1799 non
1821 1734 2176 1825 poterant
2225 1753 2380 1799 non
2426 1729 2502 1799 in
2553 1725 2798 1799 homi-

625 1847 803 1896 num
870 1827 1137 1897 animis
1186 1823 1391 1898 alere
1443 1827 1671 1925 atque
1723 1827 2056 1897 excitare
2123 1822 2296 1897 illos
2343 1828 2795 1921 generosio-

622 1923 733 1993 ris
782 1924 1100 1993 naturae
1147 1921 1565 2017 igniculoS‚
1627 1925 1752 2021 qui
1801 1924 2027 1994 vitam
2079 1918 2469 1994 humanam
2519 1947 2567 1995 a
2613 1919 2794 1994 feri-

622 2017 784 2090 tate
853 2043 943 2089 ac
1015 2014 1372 2092 barbarie
1449 2016 1891 2092 disiunctam
1979 2017 2466 2091 honestarum
2541 2043 2795 2092 rerum

582 2113 898 2189 ‘studiis
960 2111 1399 2215 liberalique
1463 2115 1973 2190 oblectatione
2039 2114 2457 2188 illuminant
2481 2118 2576 2213 ⁶).
2690 2116 2795 2188 Et

621 2208 766 2286 fuit
827 2209 1175 2310 profecto
1236 2208 1441 2285 nulla
1499 2238 1824 2315 unquam
1889 2237 2083 2312 gens
2157 2217 2308 2285 tam
2357 2216 2629 2286 eximie
2677 2210 2798 2285 his

625 2307 895 2384 studiis
961 2334 1180 2409 quam
1227 2309 1722 2384 Athenienses
1785 2309 2219 2403 honestata,
2299 2308 2504 2383 nulla
2551 2313 2797 2382 minus

625 2410 873 2481 ventri
922 2432 1013 2479 ac
1064 2406 1406 2482 luxuriae
1454 2405 1799 2482 illiberali
1850 2405 2136 2499 dedita,
2212 2407 2419 2481 nulla
2465 2411 2544 2480 in
2594 2409 2796 2486 victu

625 2503 831 2579 cultu
885 2531 980 2577 ue
1046 2508 1393 2603 corporis
1456 2510 1805 2606 omnique
1865 2504 2279 2578 domestica
2343 2531 2434 2578 ac
2493 2507 2791 2604 privata.

625 2605 781 2677 vita
827 2531 1225 2702 {qrugalion
1297 2600 1816 2701 pulcritudinis
1880 2614 1952 2675 et
2024 2600 2449 2699 elegantiae
2499 2600 2790 2676 studio-

625 2698 787 2775 sior
812 2700 924 2796 ⁷),
1007 2698 1325 2801 denique
1391 2725 1646 2773 earum
1710 2701 2035 2772 omnium
2086 2724 2375 2794 rerum,
2455 2723 2644 2799 quae
2694 2697 2792 2770 ad

624 2797 1159 2872 humanitatem
1181 2799 1587 2896 pertinent,
1638 2802 1767 2870 aut
1797 2794 2139 2897 cupidior
2165 2806 2293 2871 aut
2325 2800 2675 2897 capacior
2702 2797 2788 2893 ⁸).

767 3095 831 3163 5)
866 3096 1020 3151 Illud
1057 3097 1210 3149 enim
1249 3100 1382 3151 ante
1417 3097 1611 3150 omnia
1645 3097 1954 3151 tenendum
1990 3114 2228 3160 censeo,
2275 3097 2327 3149 si
2363 3095 2490 3168 quis
2525 3099 2681 3148 recte
2717 3092 2792 3146 de

626 3171 981 3224 Graecorum
1038 3168 1322 3239 religione
1365 3169 1621 3221 iudicare
1668 3169 1837 3236 velit,
1892 3170 2070 3223 fuisse
2120 3168 2237 3223 illis
2283 3186 2405 3221 nou
2452 3166 2558 3219 hos
2604 3164 2793 3218 solum

626 3243 786 3310 deos,
821 3258 1061 3313 quorum
1102 3243 1336 3293 nomina
1371 3240 1805 3312 fabulosamque
1841 3238 2137 3293 historiam
2172 3247 2379 3312 poetae
2400 3238 2651 3303 tradunt,
2687 3236 2794 3289 sed

623 3318 742 3368 vim
782 3311 1066 3384 quandam
1101 3330 1427 3385 numenque
1467 3312 1743 3379 divinum,
1790 3313 1943 3385 quod
1982 3331 2154 3384 quum
2190 3330 2309 3363 non
2349 3317 2499 3364 esset
2533 3327 2649 3361 una
2685 3307 2794 3361 ali-

625 3404 738 3457 qua
775 3392 985 3436 natura
1019 3391 1199 3436 totum
1239 3381 1726 3454 comprehensum,
1762 3386 1978 3438 inesset
2009 3391 2202 3436 tamen
2237 3385 2300 3435 in
2334 3381 2628 3449 omnibus3
2661 3386 2795 3433 tan·

622 3468 795 3530 toque
849 3471 1129 3527 quemque
1167 3459 1553 3523 augustiorem
1590 3455 1877 3522 habitum,
1935 3462 2149 3527 quanto
2224 3453 2316 3507 lus
2349 3453 2505 3507 illius
2541 3453 2796 3505 numinis

623 3532 684 3585 in
724 3548 794 3581 eo
829 3529 1062 3580 inesset.
1139 3528 1287 3578 Rem
1325 3545 1491 3597 quam
1528 3529 1797 3601 persequi
1833 3526 1945 3580 hoe
2002 3525 2134 3579 loco
2219 3544 2429 3596 ongum
2467 3530 2556 3578 est
2603 3524 2797 3593 tetigit

538 3610 541 3613 ’
624 3605 794 3657 etiam
831 3597 1065 3652 Jacobs.
1099 3617 1156 3670 p.
1194 3597 1496 3651 345-355.

762 3725 829 3798 6)
864 3723 958 3782 Cf.
992 3720 1144 3777 Plat.
1177 3721 1357 3790 Iaegg.
1393 3722 1454 3775 11
1486 3735 1545 3789 p.
1580 3722 1689 3778 653
1720 3725 1795 3778 D.
1837 3720 2100 3792 Thucyd.
2136 3722 2215 3786 11,
2249 3718 2340 3776 38.

763 3852 824 3920 7)
873 3849 1180 3904 φιλοκαλεῖν
1219 3845 1324 3918 με.»
1369 3845 1623 3904 saumas.
1723 3844 1990 3917 rhuoya
2029 3824 2109 3913 11,
2135 3847 2245 3900 ιο.
2327 3848 2416 3901 ne
2460 3844 2794 3915 frugalitate

622 3923 1058 3981 Atheniensium
1106 3919 1178 3972 cf.
1233 3914 1514 3971 Athenae.
1587 3919 1678 3971 vl
1722 3930 1779 3984 P.
1827 3919 1948 3973 229.
2040 3919 2152 3981 IV,
2200 3919 2305 3972 132
2348 3920 2416 3972 E.
2463 3919 2562 3974 137
2607 3919 2680 3971 1).
2719 3919 2792 3985 X,

623 3999 731 4054 417
771 3998 838 4051 C.
875 3992 1028 4046 Add.
1063 3988 1320 4045 Boeckh.
1359 4009 1480 4043 oec·
1516 4009 1562 4042 r.
1599 4009 1655 4061 p.
1693 3993 1766 4043 A.
1806 3991 1933 4061 1³1).
1970 3990 2040 4044 69
2076 4008 2196 4062 sqq.
2233 3991 2334 4044 110
2369 4009 2494 4063 sqq.

766 4097 833 4172 8)
870 4099 1160 4171 fideliores,
1193 4096 1250 4151 h.
1287 4117 1338 4151 e.
1375 4115 1496 4150 non
1533 4095 1718 4149 solum
1756 4095 2143 4168 colloquendi,
2178 4095 2280 4149 sed
2319 4094 2641 4168 disputandi
2677 4094 2797 4147 die-

624 4174 905 4246 cendique
944 4179 1003 4225 et
1039 4170 1285 4229 docendi
1316 4171 1569 4224 invicem
1603 4167 1845 4236 studiosi
1877 4167 2262 4221 Athenienses
2298 4187 2333 4224 a
2367 4167 2561 4221 multis
2596 4168 2796 4220 dieun-
2891 4196 2896 4199 -

625 4254 735 4301 tur.
807 4238 944 4298 vid.
993 4243 1142 4297 Plat·
1187 4243 1366 4311 Legg.
1415 4241 1447 4294 1
1484 4253 1542 4306 P.
1582 4240 1703 4294 641.
1769 4238 1949 4292 Isocr.
1989 4239 2060 4291 de
2097 4248 2335 4312 permut.
2374 4260 2426 4312 p.
2469 4240 2570 4292 127
2608 4237 2794 4292 Orell-

629 4322 976 4389 Quanquam
1011 4317 1207 4383 negari
1242 4332 1362 4365 non
1398 4318 1591 4382 potest
1627 4311 1956 4363 adiunctum
1990 4309 2126 4364 huie
2162 4314 2360 4364 virtuti
2382 4326 2799 4383 saepenumero

630 4394 800 4445 etiam
836 4388 1136 4458 ἀδολεσχίας
1164 4387 1368 4439 vitium
1403 4383 1615 4449 fuisse,
1667 4382 2117 4456 frequentesque
2151 4386 2465 4437 otiosorum
2500 4382 2803 4461 hominum
