3067 4975
597 392 748 468 232
998 391 1079 466 V.
1126 391 1246 467 De
1291 415 1382 465 re
1416 390 1736 493 publica
1782 389 2375 482 Atheniensium.

611 578 853 652 tinere
902 574 1325 665 censerent,
1373 571 1451 645 id
1497 575 1577 647 in
1605 573 1925 647 comitiis
1952 574 2280 670 proponi
2311 574 2705 646 curarent
2733 573 2825 663 ⁵).

608 673 953 772 Populus
1003 678 1253 743 autem
1303 671 1618 768 accepta
1675 667 2097 744 huiusmodi
2160 668 2559 743 delatione
2627 693 2828 742 non-

613 793 989 869 nunquam
1038 771 1202 864 ipse
1254 764 1522 839 iudicis
1559 769 1819 864 partes
1847 764 2311 863 suscipiebat
2337 771 2434 862 ⁶),
2493 765 2827 839 auditis-

619 892 766 967 que
817 861 1432 938 accusationibus
1492 865 1572 936 et
1636 861 2200 937 defensionibus
2266 861 2359 934 de
2426 888 2624 955 reo,
2700 863 2828 960 qui

618 965 915 1038 interim
964 963 1041 1031 in
1093 957 1406 1033 vinculis
1455 955 1719 1032 baberi
1770 954 2089 1050 solebat,
2140 956 2613 1058 suffragium
2669 956 2828 1031 cal-

628 1058 819 1136 culis
907 1053 1262 1152 ferebat3
1361 1081 1552 1156 quae
1632 1082 1785 1128 non
1870 1057 2385 1154 unisflomnia
2489 1058 2831 1129 comitiis

624 1156 894 1257 peragi
957 1156 1313 1254 tpotnisse
1387 1158 1746 1254 apparet3
1826 1178 1956 1227 sae
2012 1155 2130 1228 ins
2203 1177 2386 1226 vero
2466 1153 2833 1226 iudican-

630 1252 799 1327 dam
849 1276 1150 1324 causam
1201 1249 1542 1324 heliastis
1592 1177 2119 1343 demandabat,
2186 1253 2279 1322 iis
2332 1251 2427 1323 ue
2486 1276 2651 1351 qua
2705 1275 2831 1322 ra-

626 1353 837 1424 tione
889 1346 1251 1448 quibusve
1303 1345 1605 1447 legibus
1656 1350 2248 1446 cognoscerent,
2352 1351 2834 1444 amnatoque

628 1472 766 1521 reo
834 1444 1127 1545 qualem
1191 1470 1515 1543 poenam
1582 1446 2054 1542 imponerent
2110 1443 2713 1543 praescribebat
2743 1448 2865 1538 ⁷)‚‘

633 1545 910 1618 creatis
958 1539 1176 1614 simul
1225 1539 1556 1641 syndicis
1605 1544 1758 1616 sive
1809 1544 2240 1641 synegoriS,
2292 1544 2416 1642 qui
2469 1569 2638 1616 una
2668 1569 2836 1617 cum

632 1642 991 1741 primario
1042 1647 1486 1712 accusatore
1533 1636 1795 1736 populi
1846 1642 2144 1712 nomine
2209 1664 2421 1712 reum
2484 1644 2571 1713 in
2636 1640 2832 1713 indi-

637 1741 756 1811 cio
804 1742 1459 1835 persequerentur.
1512 1776 1604 1789 —
1667 1732 1784 1808 Ab
1846 1733 1962 1807 bis
2028 1734 2260 1834 longe
2324 1733 2599 1810 divera
2664 1743 2831 1809 erat

638 1832 1107 1935 querelarum
1178 1832 1575 1925 (προβολῶν)
1640 1834 1838 1904 ratio
1868 1834 1976 1928 ⁸),
2050 1859 2239 1931 quas
2276 1863 2292 1880 ·
2318 1835 2444 1933 qui
2531 1833 2827 1932 populo

638 1956 782 2101 {153
773 1927 1426 2126 assffibssllss’ffiffl
1460 1926 2832 2123 {3¹33}12¹⁰5233‘335253.2‡¹3;:¹1.¹‚¹.21'.¹;33·

643 2123 1127 2214 ciscerentur,
1178 2148 1327 2222 quo
1381 2126 1639 2200 muniti
1688 2127 1973 2198 maiore
2024 2148 2188 2195 cum
2239 2149 2277 2195 s
2333 2149 2374 2197 e
2425 2149 2838 2198 successus

645 2246 949 2294 causam
994 2223 1073 2294 in
1120 2217 1471 2292 iudicium
1499 2216 1990 2293 deducerent:
2041 2244 2237 2318 quan
2297 2221 2656 2320 equidem
2685 2245 2833 2293 non

648 2315 867 2391 facile
917 2316 1084 2392 fore
1136 2313 1553 2406 videbatur,
1615 2324 1721 2409 ut,
1773 2341 1990 2417 quem
2037 2315 2366 2414 populus
2418 2316 2832 2417 deliquisse

649 2418 1111 2506 censuisset,
1171 2412 1497 2508 iudicum
1566 2417 1958 2488 sententiis
2009 2412 2576 2489 absolveretur.
2677 2417 2828 2489 Ita-

703 2537 798 2585 ue
850 2511 1274 2584 huiusmodi
1327 2509 1681 2612 querelae
1730 2513 2088 2609 imprimis
2140 2515 2407 2584 contra
2472 2515 2830 2611 potentes

654 2538 1172 2708 llactiososque
1241 2607 1726 2683 adversarios
1777 2606 2362 2709 usurpabantur‚
2425 2617 2561 2683 aut
2610 2612 2828 2681 etiam

660 2710 928 2776 contra
972 2707 1486 2801 magistratuS,
1550 2730 1740 2805 quos
1790 2704 2011 2778 aliter
2067 2709 2143 2777 in
2203 2703 2564 2780 iudicium
2632 2702 2832 2778 ordi-

659 2803 947 2875 narium
997 2803 1251 2874 vocari
1298 2826 1453 2875 non
1502 2803 1843 2898 potuisse
1893 2799 2249 2876 credibile
2290 2806 2427 2879 est.

1519 2971 1583 3042 §-
1631 2950 1964 3026 XXXV.

849 3083 1118 3188 Aliqua
1192 3112 1357 3160 cum
1431 3084 1727 3160 iudiciis
1798 3081 2206 3159 similitudo
2283 3086 2507 3161 etiam
2586 3084 2828 3159 ostra-

652 3180 892 3255 ¹cismo
951 3181 1385 3277 intercedit,
1502 3207 1900 3282 namquam
1964 3208 2116 3255 non
2178 3179 2689 3280 puniebantur
2738 3203 2825 3251 eo

666 3278 936 3352 delicta
982 3285 1059 3353 in
1110 3307 1266 3353 rem
1316 3278 1469 3379 pub
1499 3286 1690 3353 icam
1743 3283 2175 3371 commissa,
2238 3277 2372 3352 sed
2423 3275 2830 3377 cavebatur

663 3376 1176 3449 tantummodo
1250 3404 1346 3453 ne
1410 3376 1589 3481 quid
1664 3379 2276 3469 committeretur,
2324 3382 2516 3450 neve
2566 3376 2826 3447 nimiae

807 3579 872 3653 5)
910 3583 1127 3639 Pollux
1161 3585 1330 3653 vm,
1367 3584 1456 3640 87.
1530 3581 1623 3639 Of.
1663 3583 1735 3637 de
1771 3587 1988 3640 comitt.
2022 3604 2080 3657 p.
2114 3584 2242 3639 205.

565 3750 573 3760 ,
807 3689 866 3754 6)
904 3687 995 3744 De
1031 3693 1248 3746 eomitt.
1282 3703 1339 3756 Ρ.
1377 3690 1706 3746 205-209.
1777 3694 1948 3748 Proc.
1983 3695 2104 3747 Ate.
2153 3704 2210 3756 P.
2246 3690 2355 3747 268
2390 3709 2517 3764 sqq.
2591 3682 2822 3741 Heffter.

665 3772 720 3824 Ρ.
759 3762 1079 3820 225-228.
1154 3763 1407 3816 Platner.
1442 3764 1475 3816 Ι
1509 3774 1570 3827 Ρ.
1605 3764 1732 3818 372.

811 3866 866 3932 7)
903 3871 995 3923 De
1045 3872 1256 3924 comitt-
1300 3888 1358 3941 p.
1395 3868 1721 3924 209-217.
1801 3868 2044 3928 Heffter.
2091 3882 2147 3935 Ρ.
2193 3868 2319 3924 228.
2394 3867 2651 3921 Platner·
2685 3862 2720 3915 1
2760 3877 2814 3930 p.

665 3937 772 3991 377
808 3957 929 4012 sqq.
983 3943 1113 3995 Nec
1150 3943 1378 3995 diversa
1411 3943 1561 3993 ratio
1601 3947 1723 3995 erat
1755 3943 1817 3994 in
1851 3941 2107 4013 μηνῦσεσι,
2143 3944 2194 3995 si
2215 3960 2317 4013 per
2333 3937 2529 4007 ζητητὰς
2562 3935 2818 3991 delictum

669 4009 1023 4081 exploratum
1075 4022 1215 4076 erat,
1273 4018 1372 4065 aut
1417 4013 1469 4064 si
1510 4029 1620 4064 sua
1664 4019 1872 4085 sponte
1914 4013 2164 4085 populus
2219 4014 2647 4086 inquisitionem
2702 3997 2819 4057 fieri

667 4080 965 4145 iusserat„
1001 4087 1093 4138 De
1131 4087 1344 4138 comitt.
1382 4096 1439 4149 Ρ.
1477 4083 1766 4140 2195221.
1803 4085 1932 4138 224.

805 4189 870 4256 8)
907 4192 1046 4245 vid.
1083 4210 1238 4262 supr·
1284 4187 1336 4262 ᾖ.
1371 4191 1474 4254 33,
1511 4190 1603 4244 12.
1682 4192 1775 4247 De
1812 4192 2026 4247 comitt-
2059 4204 2114 4256 Ρ.
2149 4191 2467 4248 227-239.
2523 4184 2751 4242 nemer.
2766 4189 2818 4243 1²·

666 4260 773 4319 229
796 4265 990 4318 —233.
1062 4262 1319 4317 Platner.
1357 4263 1387 4316 I
1423 4274 1482 4326 Ρ.
1515 4262 1840 4320 379-386.
1912 4267 2082 4319 Proo.
2118 4266 2239 4318 Aet.
2280 4275 2338 4330 Ρ.
2377 4257 2694 4319 271-277·
