3067 4975
1166 371 1682 447 Prooemium.
2494 374 2541 445 7

331 562 449 630 est
475 555 565 647 2).
666 549 989 626 Solonis
1056 553 1135 628 et
1198 558 1454 648 legum
1503 549 1877 653 pauculae
1929 551 2301 654 quaedam
2352 552 2528 630 reli-

226 687 230 692 ·
333 660 550 755 quiae
616 655 694 723 et
754 676 1025 723 versus
1091 649 1382 751 aliquot
1448 654 2070 750 supersunt'rem
2119 649 2526 727 Athenien-

330 758 522 825 sium
597 746 971 846 publicam
1038 749 1594 847 spectante-⁶1³).
1702 748 1898 821 Post
1961 749 2332 824 Solonem
2399 775 2525 823 us-

323 876 472 950 que
541 844 637 918 ad
706 844 1060 946 Socratis
1126 851 1475 919 aetatem·
1519 846 1939 920 extiterunt
2007 846 2307 948 quidem
2367 872 2525 922 non

323 946 548 1046 pauci
600 945 678 1015 et
727 949 1003 1040 poetae
1057 950 1133 1015 et
1181 940 1562 1039 pedestris
1623 944 1997 1017 orationis
2057 944 2521 1042 scriptores:

324 1043 461 1117 sed
534 1038 993 1138 pedestrium
1072 1037 1256 1111 nihil
1336 1044 1478 1111 nisi
1557 1042 2012 1136 paucissima
2086 1039 2520 1138 fragmenta

322 1143 731 1239 supersunt
756 1136 861 1226 4),
944 1163 1084 1207 nec
1144 1133 1382 1207 multo
1448 1135 1715 1207 melius
1781 1134 1875 1208 de
1945 1140 2193 1235 poetis
2268 1144 2515 1210 actum

320 1243 462 1327 est,
515 1262 556 1307 e
608 1230 878 1402 quibus
931 1231 1327 1330 Theognis
1374 1237 1776 1330 gnomicus
1826 1235 1904 1305 et
1952 1232 2335 1306 Pindarus
2398 1232 2516 1329 ly-

324 1336 530 1405 ricus
581 1356 623 1401 a
660 1329 861 1428 iquid
912 1334 1252 1430 quamvis
1299 1327 1711 1426 paullulum
1773 1328 2177 1403 conferunt
2236 1329 2333 1403 ad
2406 1334 2512 1404 ci-

321 1428 539 1503 vilem
588 1429 713 1525 qui
763 1426 888 1498 iila
941 1430 1189 1499 aetate
1243 1429 1317 1498 in
1370 1424 1660 1525 aliquot
1726 1426 2097 1502 Graeciae
2156 1424 2512 1527 partibus

319 1526 460 1601 suit
511 1526 797 1597 statum.
838 1521 1360 1597 illustrandum
1390 1525 1480 1620 ⁵).
1531 1564 1627 1577 -
1678 1522 2123 1624 Sequuntur
2161 1529 2511 1623 tempora

322 1628 564 1700 omnis
637 1624 1093 1722 scriptorum
1155 1624 1468 1719 generis
1535 1619 2041 1695 feracissima:
2123 1647 2164 1695 e
2232 1620 2549 1723 quibus-

317 1727 563 1824 primo
618 1716 790 1791 loco
849 1720 1183 1791 historici
1237 1717 1874 1791 commemorandi
1926 1721 2134 1810 sunt,
2201 1724 2328 1821 qui
2378 1746 2506 1795 ae-

323 1817 617 1923 qualem
689 1819 961 1889 aetatis
1027 1840 1212 1888 suae
1277 1819 1407 1887 aut
1468 1841 1626 1887 non
1703 1814 1937 1889 mullo
2014 1819 2505 1891 vetustiorem

322 1918 753 1994 memoriam
809 1913 1081 1986 litteris
1133 1916 1716 2009 consignarunt,
1765 1911 2241 2007 Herodotus,
2281 1913 2507 1988 'Phu-

319 2045 362 2092 ο
414 2011 656 2101 dides,
704 2008 1138 2110 Xenophon
1191 2016 1269 2083 et
1319 2015 1446 2109 qui
1498 2010 1735 2108 longo
1788 2008 1886 2084 ab
1940 2011 2060 2084 his
2107 2010 2506 2085 intervallo

320 2044 552 2190 distat
620 2106 1012 2209 Polybius.
1110 2106 1651 2205 Xenophontis
1727 2111 1977 2183 autem
2041 2134 2195 2182 uon
2258 2108 2503 2182 solum

316 2210 837 2287 narrationem
906 2201 1268 2278 habemus
1319 2229 1572 2277 rerum
1619 2210 2039 2303 gestarum,
2090 2205 2223 2279 sed
2279 2210 2505 2280 etiam

323 2308 419 2384 de
470 2303 902 2381 civitatibus
968 2300 1531 2377 Atheniensium
1601 2307 1679 2377 et
1726 2304 2504 2377 Lacedaemoniorum

319 2406 559 2482 libros
585 2402 670 2498 ⁶).
771 2401 1044 2474 Plures
1095 2397 1578 2476 historiarum
1630 2402 2047 2500 scriptores
2139 2391 2506 2494 ‘erieruut,

321 2509 452 2608 qui
517 2505 649 2577 aut
706 2503 1127 2572 universam
1198 2497 1628 2593 historiam,
1707 2499 1955 2603 quoad
2039 2499 2089 2572 il
2125 2527 2170 2574 a
2252 2501 2505 2582 aetate

464 2708 532 2778 2)
573 2711 711 2764 vid.
753 2708 1008 2784 Bentleii
1057 2726 1286 2780 opuscc·
1332 2729 1388 2781 p.
1437 2709 1547 2764 340
1597 2728 1720 2782 sqq.
1808 2709 2022 2780 Heyuii
2074 2726 2304 2780 opusco.
2342 2706 2502 2759 acad.

321 2793 458 2841 tom.
496 2787 574 2837 11.
613 2804 669 2855 p.
693 2783 982 2836 12-119.
1038 2782 1452 2834 Sainte-Croix
1487 2800 1589 2834 sur
1623 2782 1682 2833 la
1718 2780 2048 2849 legislation
2087 2781 2159 2832 de
2195 2780 2256 2833 la
2289 2779 2509 2848 grande

324 2857 533 2925 Grece,
569 2859 634 2910 in
667 2857 901 2908 Memm.
942 2852 1013 2905 de
1048 2851 1253 2907 l'aead.
1295 2853 1396 2907 des
1429 2856 1602 2907 inser.
1642 2859 1779 2907 tom.
1820 2852 1996 2906 XLII.
2034 2873 2088 2924 p·
2125 2854 2233 2906 256
2267 2870 2389 2923 sqq.

459 2963 519 3027 3)
558 2959 797 3016 Solonis
826 2958 1205 3015 Atheniensis
1236 2962 1551 3014 carminum
1590 2980 1740 3033 quae
1773 2967 2112 3031 supersunt,
2152 2959 2241 3013 ed·
2277 2961 2355 3015 N.
2392 2959 2509 3012 Ba-

314 3036 496 3094 chius.
573 3037 760 3087 Bonn.
803 3033 960 3088 1825.
994 3034 1047 3087 8.

458 3142 518 3210 4)
577 3142 999 3195 Historicorum
1039 3140 1393 3203 Graecorum
1435 3109 1735 3212 antiquiss.
1786 3139 2131 3208 fragmenta,
2196 3137 2330 3194 coll.
2394 3157 2500 3192 em.

313 3215 477 3287 expl.
500 3216 646 3335 Er}
672 3211 1389 3336 cwuzfsssusffgdfflff'gg‘
1414 3214 1618 3337 Flfiot}r
1649 3214 1699 3266 8.
1733 3210 2158 3336 ςἒίιίιὲω«τέζῖιίἰὶ
2183 3210 2508 3340 ἲτῗξέιθοιιῑὸα

309 3289 604 3415 {fallimini
641 3302 837 3408 ἱθέεῗίοἰ
886 3354 1208 3421 fragmenta
1250 3323 1380 3409 coll.
1430 3305 1538 3410 ete.
1578 3304 1680 3410 F:
1714 3301 2196 3409 &ars-turaede
2218 3299 2306 3409 2.l
2345 3322 2504 3427 Lips:

313 3434 475 3488 1826.
517 3434 569 3487 8.
643 3428 921 3481 Hecataei
958 3427 1177 3482 Milesii
1223 3427 1550 3498 fragmenta
1595 3427 1683 3484 ed.
1720 3429 1799 3481 lt.
1836 3428 1913 3480 Η.
1948 3427 2231 3481 Klausen.
2307 3427 2503 3485 Berol.

230 3514 233 3517 '
313 3505 468 3560 1831.
510 3507 565 3560 8.

452 3616 511 3676 ὃ)
552 3611 909 3683 Theognidis
945 3609 1051 3663 reli
1096 3610 1254 3671 uiae,
1303 3626 1461 3661 novo
1514 3608 1719 3662 ordine
1768 3604 1981 3676 dispos.
2034 3623 2237 3659 comm.
2278 3605 2402 3658 crit.
2444 3613 2502 3658 et

313 3694 456 3739 nott.
496 3685 609 3738 adi.
647 3687 743 3738 Fr.
785 3682 895 3737 Th.
937 3684 1063 3735 We
1089 3681 1210 3735 ker.
1252 3680 1523 3734 Francof.
1554 3681 1627 3733 ad
1648 3681 1731 3731 M.
1757 3679 1914 3735 1⁸26.
1941 3680 1990 3733 8·
2013 3705 2069 3717 —
2104 3678 2218 3730 Gn.
2248 3676 2502 3731 Waehs·

311 3757 504 3824 muth,
553 3758 623 3811 de
660 3756 914 3809 Pindaro
964 3757 1049 3807 rei
1090 3752 1358 3825 publicae
1406 3750 1847 3805 constituendae
1897 3759 1954 3803 et
1999 3746 2289 3817 gerendae
2338 3769 2502 3822 prae·

311 3837 565 3903 ceptore.
604 3829 725 3881 Kil.
766 3829 923 3881 1823.
962 3826 1050 3879 24.
1087 3827 1139 3878 4.
1182 3854 1240 3865 -
1298 3826 1459 3888 Quid
1495 3827 1783 3876 Homerus
1835 3828 1892 3875 et
1931 3821 2213 3873 vindan-u«
2266 3822 2337 3873 de
2386 3824 2506 3875 vir·

307 3913 454 3966 tute,
493 3905 731 3954 civitate
787 3899 896 3952 diis
932 3899 1255 3950 statuerint.
1332 3899 1458 3950 Ser.
1498 3899 1566 3965 Q.
1608 3898 1812 3966 zeyss.
1848 3895 2055 3947 Jenae.
2099 3894 2253 3947 1832.
2294 3897 2345 3948 4.

457 4007 521 4073 6)
562 4009 717 4060 Sunt
753 4013 943 4059 tamen
980 4003 1041 4056 hi
1078 4003 1210 4056 libri
1261 4023 1294 4057 a
1341 4003 1538 4056 multis
1591 3999 1966 4072 Xenophonti
2010 3999 2350 4068 abiudicati,
2400 4020 2511 4055 nec

306 4082 562 4135 fortasse
594 4081 822 4133 iniuria.
867 4077 1001 4129 vid.
1043 4077 1112 4128 de
1150 4076 1260 4129 hac
1295 4080 1637 4149 quaestione
1672 4077 1737 4127 F.
1772 4074 1983 4135 Haase,
2022 4070 2205 4144 praef.
2253 4074 2321 4123 ad
2362 4072 2510 4126 Xen-

312 4156 389 4206 ἀι·
426 4172 547 4224 rep.
586 4151 799 4203 Laced.
840 4146 1064 4215 (llerol.
1111 4149 1290 4217 ¹83³.)
1332 4152 1429 4221 qui
1466 4159 1662 4201 tamen
1699 4150 1822 4218 ipse
1861 4144 1997 4197 libri
2034 4142 2386 4197 authentiam
2413 4148 2508 4198 de-

314 4225 521 4289 fendit,
560 4222 1033 4295 quemadmodum
1070 4229 1128 4274 et
1165 4221 1232 4273 G.
1256 4222 1319 4275 F.
1345 4223 1658 4275 Hermann.
1678 4222 1738 4271 in
1768 4220 2092 4270 Zimmerm.
2118 4216 2306 4268 «liuru.
2344 4217 2512 4270 scho-

316 4298 450 4350 last.
487 4315 620 4349 anu.
660 4296 810 4347 1231.
849 4312 946 4345 no.
984 4293 1103 4345 149.
1147 4300 1204 4346 et
1242 4291 1374 4347 libri
1426 4293 1497 4346 de
1529 4311 1650 4365 rep.
1679 4287 1815 4345 Ath.
1851 4289 1949 4342 Fr.
1998 4290 2107 4342 Gn.
2141 4289 2407 4358 Krueger
2440 4289 2512 4340 de
2563 4278 2571 4289 ⁸

315 4374 444 4423 vita
480 4366 881 4439 Xenophontis
917 4384 973 4437 p.
1010 4368 1100 4419 31.
