<?xml version="1.0" encoding="UTF-8"?>
<!DOCTYPE html PUBLIC "-//W3C//DTD XHTML 1.0 Transitional//EN"
    "http://www.w3.org/TR/xhtml1/DTD/xhtml1-transitional.dtd">
<html xmlns="http://www.w3.org/1999/xhtml" xml:lang="en" lang="en">
 <head>
  <title>
</title>
<meta http-equiv="Content-Type" content="text/html;charset=utf-8" />
  <meta name='ocr-system' content='tesseract 3.04.00' />
  <meta name='ocr-capabilities' content='ocr_page ocr_carea ocr_par ocr_line ocrx_word'/>
</head>
<body>
  <div class='ocr_page' id='page_1' title='image "antiquitatesiur00schgoog_0240.png"; bbox 0 0 3067 4975; ppageno 0'>
   <div class='ocr_carea' id='block_1_1' title="bbox 538 361 2330 487">
    <p class='ocr_par' dir='ltr' id='par_1_1' title="bbox 538 361 2330 487">
     <span class='ocr_line' id='line_1_1' title="bbox 538 361 2330 487; baseline -0.001 -44"><span class='ocrx_word' id='word_1_1' title='bbox 538 366 690 443; x_wconf 85' lang='grc'><strong>230</strong></span> <span class='ocrx_word' id='word_1_2' title='bbox 907 482 910 487; x_wconf 76' lang='lat'><strong>.</strong></span> <span class='ocrx_word' id='word_1_3' title='bbox 946 367 1029 443; x_wconf 77' lang='lat' dir='ltr'><strong>V.</strong></span> <span class='ocrx_word' id='word_1_4' title='bbox 1074 361 1196 445; x_wconf 74' lang='lat' dir='ltr'><strong>De</strong></span> <span class='ocrx_word' id='word_1_5' title='bbox 1243 393 1332 443; x_wconf 78' lang='lat' dir='ltr'><strong>re</strong></span> <span class='ocrx_word' id='word_1_6' title='bbox 1368 368 1686 469; x_wconf 61' lang='lat' dir='ltr'><strong>publica</strong></span> <span class='ocrx_word' id='word_1_7' title='bbox 1732 368 2330 446; x_wconf 64' lang='lat' dir='ltr'><strong><em>Atheniensium.</em></strong></span> 
     </span>
    </p>
   </div>
   <div class='ocr_carea' id='block_1_2' title="bbox 455 546 2822 2681">
    <p class='ocr_par' dir='ltr' id='par_1_2' title="bbox 455 546 2822 2681">
     <span class='ocr_line' id='line_1_2' title="bbox 540 546 2717 654; baseline 0.001 -30"><span class='ocrx_word' id='word_1_8' title='bbox 540 549 837 654; x_wconf 85' lang='lat' dir='ltr'><strong>quidem</strong></span> <span class='ocrx_word' id='word_1_9' title='bbox 888 546 1217 625; x_wconf 77' lang='lat' dir='ltr'><strong>dubitari</strong></span> <span class='ocrx_word' id='word_1_10' title='bbox 1266 578 1419 626; x_wconf 88' lang='lat' dir='ltr'><strong>non</strong></span> <span class='ocrx_word' id='word_1_11' title='bbox 1473 557 1753 649; x_wconf 85' lang='lat' dir='ltr'><strong>potest,</strong></span> <span class='ocrx_word' id='word_1_12' title='bbox 1803 557 1931 626; x_wconf 87' lang='lat' dir='ltr'><strong>sat</strong></span> <span class='ocrx_word' id='word_1_13' title='bbox 1976 549 2289 649; x_wconf 78' lang='lat' dir='ltr'><strong>longum</strong></span> <span class='ocrx_word' id='word_1_14' title='bbox 2337 554 2535 626; x_wconf 71' lang='lat' dir='ltr'><strong>inter</strong></span> <span class='ocrx_word' id='word_1_15' title='bbox 2585 549 2717 627; x_wconf 92' lang='lat' dir='ltr'><strong>de-</strong></span> 
     </span>
     <span class='ocr_line' id='line_1_3' title="bbox 542 647 2724 746; baseline 0 -24"><span class='ocrx_word' id='word_1_16' title='bbox 542 647 1046 745; x_wconf 77' lang='lat' dir='ltr'><strong>signationem</strong></span> <span class='ocrx_word' id='word_1_17' title='bbox 1073 663 1150 723; x_wconf 87' lang='lat' dir='ltr'><strong>et</strong></span> <span class='ocrx_word' id='word_1_18' title='bbox 1170 652 1602 746; x_wconf 77' lang='lat' dir='ltr'><strong>ingressum</strong></span> <span class='ocrx_word' id='word_1_19' title='bbox 1629 652 1959 723; x_wconf 85' lang='lat' dir='ltr'><strong>muneris</strong></span> <span class='ocrx_word' id='word_1_20' title='bbox 1973 647 2443 722; x_wconf 85' lang='lat' dir='ltr'><strong>intervallum</strong></span> <span class='ocrx_word' id='word_1_21' title='bbox 2463 648 2724 742; x_wconf 79' lang='lat' dir='ltr'><strong>fuisse,</strong></span> 
     </span>
     <span class='ocr_line' id='line_1_4' title="bbox 542 740 2725 844; baseline 0.001 -28"><span class='ocrx_word' id='word_1_22' title='bbox 542 740 747 843; x_wconf 91' lang='lat' dir='ltr'><strong>quod</strong></span> <span class='ocrx_word' id='word_1_23' title='bbox 789 743 1308 820; x_wconf 79' lang='lat' dir='ltr'><strong>examinandis</strong></span> <span class='ocrx_word' id='word_1_24' title='bbox 1350 749 1494 819; x_wconf 87' lang='lat' dir='ltr'><strong>rite</strong></span> <span class='ocrx_word' id='word_1_25' title='bbox 1524 741 2087 844; x_wconf 77' lang='lat' dir='ltr'><strong>probandisque</strong></span> <span class='ocrx_word' id='word_1_26' title='bbox 2113 742 2534 843; x_wconf 79' lang='lat' dir='ltr'><strong>designatis</strong></span> <span class='ocrx_word' id='word_1_27' title='bbox 2564 770 2725 818; x_wconf 87' lang='lat' dir='ltr'><strong>ma-</strong></span> 
     </span>
     <span class='ocr_line' id='line_1_5' title="bbox 473 839 2723 940; baseline 0.002 -28"><span class='ocrx_word' id='word_1_28' title='bbox 473 853 478 868; x_wconf 85' lang='lat'>&#39;</span> <span class='ocrx_word' id='word_1_29' title='bbox 542 839 993 936; x_wconf 82' lang='lat' dir='ltr'><strong>gistratibus</strong></span> <span class='ocrx_word' id='word_1_30' title='bbox 1041 840 1429 916; x_wconf 82' lang='lat' dir='ltr'><strong>sufficeret</strong></span> <span class='ocrx_word' id='word_1_31' title='bbox 1453 844 1545 940; x_wconf 87' lang='lat'><strong>⁵).</strong></span> <span class='ocrx_word' id='word_1_32' title='bbox 1645 842 2069 916; x_wconf 70' lang='lat' dir='ltr'><strong>praeerant</strong></span> <span class='ocrx_word' id='word_1_33' title='bbox 2118 845 2369 916; x_wconf 85' lang='lat' dir='ltr'><strong>autem</strong></span> <span class='ocrx_word' id='word_1_34' title='bbox 2420 842 2539 917; x_wconf 89' lang='lat' dir='ltr'><strong>bis</strong></span> <span class='ocrx_word' id='word_1_35' title='bbox 2589 867 2723 916; x_wconf 89' lang='lat' dir='ltr'><strong>co-</strong></span> 
     </span>
     <span class='ocr_line' id='line_1_6' title="bbox 543 936 2728 1040; baseline 0 -29"><span class='ocrx_word' id='word_1_36' title='bbox 543 940 772 1011; x_wconf 86' lang='lat' dir='ltr'><strong>mitiis</strong></span> <span class='ocrx_word' id='word_1_37' title='bbox 819 939 1129 1036; x_wconf 88' lang='lat' dir='ltr'><strong>praeter</strong></span> <span class='ocrx_word' id='word_1_38' title='bbox 1173 942 1539 1040; x_wconf 73' lang='lat' dir='ltr'><strong>prytaues</strong></span> <span class='ocrx_word' id='word_1_39' title='bbox 1591 942 1669 1012; x_wconf 89' lang='lat' dir='ltr'><strong>et</strong></span> <span class='ocrx_word' id='word_1_40' title='bbox 1726 936 2105 1038; x_wconf 85' lang='lat' dir='ltr'><strong>proedros</strong></span> <span class='ocrx_word' id='word_1_41' title='bbox 2168 942 2393 1016; x_wconf 82' lang='lat' dir='ltr'><strong>etiam</strong></span> <span class='ocrx_word' id='word_1_42' title='bbox 2454 964 2728 1014; x_wconf 83' lang='lat' dir='ltr'><strong>novem</strong></span> 
     </span>
     <span class='ocr_line' id='line_1_7' title="bbox 546 1032 2729 1133; baseline 0 -26"><span class='ocrx_word' id='word_1_43' title='bbox 546 1032 978 1128; x_wconf 85' lang='lat' dir='ltr'><strong>archontes,</strong></span> <span class='ocrx_word' id='word_1_44' title='bbox 1029 1044 1234 1110; x_wconf 89' lang='lat' dir='ltr'><strong>certe</strong></span> <span class='ocrx_word' id='word_1_45' title='bbox 1283 1040 1360 1111; x_wconf 87' lang='lat' dir='ltr'><strong>iu</strong></span> <span class='ocrx_word' id='word_1_46' title='bbox 1409 1035 1838 1110; x_wconf 88' lang='lat' dir='ltr'><strong>militarium</strong></span> <span class='ocrx_word' id='word_1_47' title='bbox 1887 1038 2459 1133; x_wconf 70' lang='lat' dir='ltr'><strong>magistratuum</strong></span> <span class='ocrx_word' id='word_1_48' title='bbox 2511 1061 2729 1109; x_wconf 85' lang='lat' dir='ltr'><strong>crea-</strong></span> 
     </span>
     <span class='ocr_line' id='line_1_8' title="bbox 545 1130 2732 1232; baseline 0.001 -28"><span class='ocrx_word' id='word_1_49' title='bbox 545 1134 750 1204; x_wconf 81' lang='lat' dir='ltr'><strong>tione</strong></span> <span class='ocrx_word' id='word_1_50' title='bbox 778 1134 873 1226; x_wconf 80' lang='lat'><strong>⁶).</strong></span> <span class='ocrx_word' id='word_1_51' title='bbox 973 1133 1379 1226; x_wconf 82' lang='lat' dir='ltr'><strong>Petitores,</strong></span> <span class='ocrx_word' id='word_1_52' title='bbox 1429 1136 1853 1225; x_wconf 54' lang='lat' dir='ltr'><strong>enovdoe&#39;pxoeoj</strong></span> <span class='ocrx_word' id='word_1_53' title='bbox 1920 1157 2144 1232; x_wconf 82' lang='lat' dir='ltr'><strong>quum</strong></span> <span class='ocrx_word' id='word_1_54' title='bbox 2195 1130 2533 1208; x_wconf 80' lang='lat' dir='ltr'><strong>ambiunt</strong></span> <span class='ocrx_word' id='word_1_55' title='bbox 2596 1133 2732 1206; x_wconf 89' lang='lat' dir='ltr'><strong>bo-</strong></span> 
     </span>
     <span class='ocr_line' id='line_1_9' title="bbox 544 1227 2730 1347; baseline 0.001 -46"><span class='ocrx_word' id='word_1_56' title='bbox 544 1251 837 1319; x_wconf 82' lang='lat' dir='ltr'><strong>norem,</strong></span> <span class='ocrx_word' id='word_1_57' title='bbox 882 1229 1411 1322; x_wconf 73' lang='grc' dir='ltr'><strong><em>ἆρχαιρεσιοὶζειν,</em></strong></span> <span class='ocrx_word' id='word_1_58' title='bbox 1455 1231 1900 1320; x_wconf 77' lang='grc' dir='ltr'><strong><em>σπουδαρχιᾶν</em></strong></span> <span class='ocrx_word' id='word_1_59' title='bbox 1951 1227 2300 1318; x_wconf 83' lang='lat' dir='ltr'><strong>dicuutur</strong></span> <span class='ocrx_word' id='word_1_60' title='bbox 2327 1232 2435 1328; x_wconf 83' lang='lat'><strong>⁷):</strong></span> <span class='ocrx_word' id='word_1_61' title='bbox 2484 1254 2730 1347; x_wconf 83' lang='lat' dir='ltr'><strong>neque</strong></span> 
     </span>
     <span class='ocr_line' id='line_1_10' title="bbox 550 1320 2725 1424; baseline 0.001 -29"><span class='ocrx_word' id='word_1_62' title='bbox 550 1320 872 1397; x_wconf 79' lang='lat' dir='ltr'><strong>ambitus</strong></span> <span class='ocrx_word' id='word_1_63' title='bbox 919 1322 1161 1397; x_wconf 87' lang='lat' dir='ltr'><strong>malae</strong></span> <span class='ocrx_word' id='word_1_64' title='bbox 1214 1326 1418 1397; x_wconf 82' lang='lat' dir='ltr'><strong>artes</strong></span> <span class='ocrx_word' id='word_1_65' title='bbox 1469 1320 1672 1422; x_wconf 88' lang='lat' dir='ltr'><strong>apud</strong></span> <span class='ocrx_word' id='word_1_66' title='bbox 1731 1321 2294 1420; x_wconf 83' lang='lat' dir='ltr'><strong>Athenienses,.</strong></span> <span class='ocrx_word' id='word_1_67' title='bbox 2340 1328 2725 1424; x_wconf 82' lang='lat' dir='ltr'><strong>posterm-</strong></span> 
     </span>
     <span class='ocr_line' id='line_1_11' title="bbox 544 1417 2729 1523; baseline 0.002 -31"><span class='ocrx_word' id='word_1_68' title='bbox 544 1417 761 1494; x_wconf 89' lang='lat' dir='ltr'><strong>ribus</strong></span> <span class='ocrx_word' id='word_1_69' title='bbox 814 1418 1107 1519; x_wconf 90' lang='lat' dir='ltr'><strong>quidem</strong></span> <span class='ocrx_word' id='word_1_70' title='bbox 1157 1418 1650 1520; x_wconf 77' lang='lat' dir='ltr'><strong>temporibus,</strong></span> <span class='ocrx_word' id='word_1_71' title='bbox 1712 1420 1844 1492; x_wconf 77' lang='lat' dir='ltr'><strong>aul.</strong></span> <span class='ocrx_word' id='word_1_72' title='bbox 1891 1425 2227 1496; x_wconf 86' lang='lat' dir='ltr'><strong>rariores</strong></span> <span class='ocrx_word' id='word_1_73' title='bbox 2289 1448 2512 1523; x_wconf 85' lang='lat' dir='ltr'><strong>quam</strong></span> <span class='ocrx_word' id='word_1_74' title='bbox 2562 1423 2729 1496; x_wconf 85' lang='lat' dir='ltr'><strong>Ro·</strong></span> 
     </span>
     <span class='ocr_line' id='line_1_12' title="bbox 545 1515 2728 1618; baseline 0.002 -29"><span class='ocrx_word' id='word_1_75' title='bbox 545 1542 712 1591; x_wconf 87' lang='lat' dir='ltr'><strong>mae</strong></span> <span class='ocrx_word' id='word_1_76' title='bbox 763 1517 895 1589; x_wconf 82' lang='lat' dir='ltr'><strong>aut</strong></span> <span class='ocrx_word' id='word_1_77' title='bbox 942 1515 1352 1590; x_wconf 85' lang='lat' dir='ltr'><strong>levioribus</strong></span> <span class='ocrx_word' id='word_1_78' title='bbox 1402 1520 1672 1617; x_wconf 89' lang='lat' dir='ltr'><strong>poenis</strong></span> <span class='ocrx_word' id='word_1_79' title='bbox 1724 1521 2059 1593; x_wconf 83' lang='lat' dir='ltr'><strong>sancitae</strong></span> <span class='ocrx_word' id='word_1_80' title='bbox 2112 1528 2333 1593; x_wconf 86' lang='lat' dir='ltr'><strong>erant</strong></span> <span class='ocrx_word' id='word_1_81' title='bbox 2357 1521 2452 1618; x_wconf 79' lang='lat'><strong>⁸).</strong></span> <span class='ocrx_word' id='word_1_82' title='bbox 2550 1522 2728 1594; x_wconf 79' lang='lat' dir='ltr'><strong>Fie-</strong></span> 
     </span>
     <span class='ocr_line' id='line_1_13' title="bbox 543 1612 2728 1714; baseline 0.001 -27"><span class='ocrx_word' id='word_1_83' title='bbox 543 1612 681 1687; x_wconf 87' lang='lat' dir='ltr'><strong>bat</strong></span> <span class='ocrx_word' id='word_1_84' title='bbox 728 1614 976 1686; x_wconf 84' lang='lat' dir='ltr'><strong>tamen</strong></span> <span class='ocrx_word' id='word_1_85' title='bbox 1025 1638 1558 1714; x_wconf 86' lang='lat' dir='ltr'><strong>nonnunquam</strong></span> <span class='ocrx_word' id='word_1_86' title='bbox 1609 1613 1697 1686; x_wconf 81' lang='lat' dir='ltr'><strong>ut</strong></span> <span class='ocrx_word' id='word_1_87' title='bbox 1747 1615 1970 1687; x_wconf 85' lang='lat' dir='ltr'><strong>etiam</strong></span> <span class='ocrx_word' id='word_1_88' title='bbox 2022 1612 2381 1690; x_wconf 85' lang='lat' dir='ltr'><strong>absentes</strong></span> <span class='ocrx_word' id='word_1_89' title='bbox 2433 1616 2511 1690; x_wconf 84' lang='lat' dir='ltr'><strong>et</strong></span> <span class='ocrx_word' id='word_1_90' title='bbox 2569 1640 2728 1689; x_wconf 88' lang='lat' dir='ltr'><strong>non</strong></span> 
     </span>
     <span class='ocr_line' id='line_1_14' title="bbox 542 1709 2731 1809; baseline 0 -25"><span class='ocrx_word' id='word_1_91' title='bbox 542 1717 890 1809; x_wconf 85' lang='lat' dir='ltr'><strong>petentes</strong></span> <span class='ocrx_word' id='word_1_92' title='bbox 941 1736 986 1783; x_wconf 88' lang='lat' dir='ltr'><strong>a</strong></span> <span class='ocrx_word' id='word_1_93' title='bbox 1035 1709 1318 1809; x_wconf 89' lang='lat' dir='ltr'><strong>populo</strong></span> <span class='ocrx_word' id='word_1_94' title='bbox 1374 1711 1817 1785; x_wconf 80' lang='lat' dir='ltr'><strong>crearentur</strong></span> <span class='ocrx_word' id='word_1_95' title='bbox 1844 1713 1942 1806; x_wconf 81' lang='lat'><strong>⁹).</strong></span> <span class='ocrx_word' id='word_1_96' title='bbox 2017 1712 2178 1800; x_wconf 71' lang='lat' dir='ltr'><strong>Qui</strong></span> <span class='ocrx_word' id='word_1_97' title='bbox 2211 1716 2452 1787; x_wconf 89' lang='lat' dir='ltr'><strong>creati</strong></span> <span class='ocrx_word' id='word_1_98' title='bbox 2484 1716 2731 1806; x_wconf 83' lang='lat' dir='ltr'><strong>erant,</strong></span> 
     </span>
     <span class='ocr_line' id='line_1_15' title="bbox 546 1807 2730 1906; baseline 0.001 -25"><span class='ocrx_word' id='word_1_99' title='bbox 546 1810 844 1881; x_wconf 89' lang='lat' dir='ltr'><strong>eiurare</strong></span> <span class='ocrx_word' id='word_1_100' title='bbox 893 1833 1160 1881; x_wconf 88' lang='lat' dir='ltr'><strong>munus</strong></span> <span class='ocrx_word' id='word_1_101' title='bbox 1207 1809 1567 1906; x_wconf 83' lang='lat' dir='ltr'><strong>poteraut</strong></span> <span class='ocrx_word' id='word_1_102' title='bbox 1594 1807 1920 1906; x_wconf 83' lang='lat' dir='ltr'><strong>propter</strong></span> <span class='ocrx_word' id='word_1_103' title='bbox 1941 1813 2278 1884; x_wconf 80' lang='lat' dir='ltr'><strong>sonticas</strong></span> <span class='ocrx_word' id='word_1_104' title='bbox 2308 1835 2580 1884; x_wconf 86' lang='lat' dir='ltr'><strong>causas</strong></span> <span class='ocrx_word' id='word_1_105' title='bbox 2600 1812 2730 1902; x_wconf 79' lang='lat'>¹⁰)=</span> 
     </span>
     <span class='ocr_line' id='line_1_16' title="bbox 542 1904 2732 2005; baseline 0.003 -30"><span class='ocrx_word' id='word_1_106' title='bbox 542 1904 729 1976; x_wconf 83' lang='lat' dir='ltr'><strong>inito</strong></span> <span class='ocrx_word' id='word_1_107' title='bbox 780 1906 1024 1977; x_wconf 85' lang='lat' dir='ltr'><strong>autem</strong></span> <span class='ocrx_word' id='word_1_108' title='bbox 1074 1930 1386 1981; x_wconf 22' lang='lat' dir='ltr'><strong>munere*</strong></span> <span class='ocrx_word' id='word_1_109' title='bbox 1429 1907 1717 2005; x_wconf 84' lang='lat' dir='ltr'><strong>privari</strong></span> <span class='ocrx_word' id='word_1_110' title='bbox 1767 1929 2029 1979; x_wconf 87' lang='lat' dir='ltr'><strong>omnes</strong></span> <span class='ocrx_word' id='word_1_111' title='bbox 2078 1931 2125 1979; x_wconf 86' lang='lat' dir='ltr'><strong>a</strong></span> <span class='ocrx_word' id='word_1_112' title='bbox 2173 1906 2462 2005; x_wconf 87' lang='lat' dir='ltr'><strong>populo</strong></span> <span class='ocrx_word' id='word_1_113' title='bbox 2507 1909 2732 2005; x_wconf 83' lang='lat' dir='ltr'><strong>pote-</strong></span> 
     </span>
     <span class='ocr_line' id='line_1_17' title="bbox 543 2000 2730 2101; baseline 0.002 -28"><span class='ocrx_word' id='word_1_114' title='bbox 543 2002 754 2094; x_wconf 78' lang='lat' dir='ltr'><strong>raut,</strong></span> <span class='ocrx_word' id='word_1_115' title='bbox 817 2004 885 2075; x_wconf 91' lang='lat' dir='ltr'><strong>si</strong></span> <span class='ocrx_word' id='word_1_116' title='bbox 949 2000 1354 2101; x_wconf 83' lang='lat' dir='ltr'><strong>deliquisse</strong></span> <span class='ocrx_word' id='word_1_117' title='bbox 1424 2000 1879 2080; x_wconf 83' lang='lat' dir='ltr'><strong>viderentur.</strong></span> <span class='ocrx_word' id='word_1_118' title='bbox 1976 2003 2192 2078; x_wconf 85' lang='lat' dir='ltr'><strong>Hanc</strong></span> <span class='ocrx_word' id='word_1_119' title='bbox 2256 2001 2357 2076; x_wconf 91' lang='lat' dir='ltr'><strong>ob</strong></span> <span class='ocrx_word' id='word_1_120' title='bbox 2422 2025 2730 2077; x_wconf 84' lang='lat' dir='ltr'><strong>causam</strong></span> 
     </span>
     <span class='ocr_line' id='line_1_18' title="bbox 455 2096 2732 2198; baseline 0.002 -28"><span class='ocrx_word' id='word_1_121' title='bbox 455 2165 467 2177; x_wconf 84' lang='grc'><em>,</em></span> <span class='ocrx_word' id='word_1_122' title='bbox 540 2099 619 2170; x_wconf 89' lang='lat' dir='ltr'><strong>iu</strong></span> <span class='ocrx_word' id='word_1_123' title='bbox 724 2099 911 2171; x_wconf 89' lang='lat' dir='ltr'><strong>rima</strong></span> <span class='ocrx_word' id='word_1_124' title='bbox 959 2100 1322 2197; x_wconf 87' lang='lat' dir='ltr'><strong>cuiusque</strong></span> <span class='ocrx_word' id='word_1_125' title='bbox 1371 2100 1770 2198; x_wconf 77' lang='lat' dir='ltr'><strong>prytaniae</strong></span> <span class='ocrx_word' id='word_1_126' title='bbox 1834 2096 2159 2174; x_wconf 85' lang='lat' dir='ltr'><strong>ecclesia</strong></span> <span class='ocrx_word' id='word_1_127' title='bbox 2208 2097 2550 2197; x_wconf 81' lang='lat' dir='ltr'><strong>legitima</strong></span> <span class='ocrx_word' id='word_1_128' title='bbox 2596 2125 2732 2175; x_wconf 88' lang='lat' dir='ltr'><strong>ro·-</strong></span> 
     </span>
     <span class='ocr_line' id='line_1_19' title="bbox 540 2192 2729 2295; baseline 0.002 -29"><span class='ocrx_word' id='word_1_129' title='bbox 540 2218 649 2291; x_wconf 82' lang='lat' dir='ltr'><strong>ga</strong></span> <span class='ocrx_word' id='word_1_130' title='bbox 705 2196 879 2266; x_wconf 82' lang='lat' dir='ltr'><strong>atur</strong></span> <span class='ocrx_word' id='word_1_131' title='bbox 926 2192 1024 2267; x_wconf 85' lang='lat' dir='ltr'><strong>ab</strong></span> <span class='ocrx_word' id='word_1_132' title='bbox 1080 2193 1574 2268; x_wconf 84' lang='lat' dir='ltr'><strong>archontibus</strong></span> <span class='ocrx_word' id='word_1_133' title='bbox 1597 2192 1956 2295; x_wconf 85' lang='lat' dir='ltr'><strong>populus,</strong></span> <span class='ocrx_word' id='word_1_134' title='bbox 2007 2194 2540 2271; x_wconf 80' lang='lat' dir='ltr'><strong>viderenturne</strong></span> <span class='ocrx_word' id='word_1_135' title='bbox 2570 2221 2729 2270; x_wconf 84' lang='lat' dir='ltr'><strong>ma·-</strong></span> 
     </span>
     <span class='ocr_line' id='line_1_20' title="bbox 539 2289 2727 2394; baseline 0.003 -32"><span class='ocrx_word' id='word_1_136' title='bbox 539 2291 912 2388; x_wconf 82' lang='lat' dir='ltr'><strong>gistratus</strong></span> <span class='ocrx_word' id='word_1_137' title='bbox 964 2291 1218 2366; x_wconf 82' lang='lat' dir='ltr'><strong>officio</strong></span> <span class='ocrx_word' id='word_1_138' title='bbox 1246 2298 1455 2366; x_wconf 85' lang='lat' dir='ltr'><strong>recte</strong></span> <span class='ocrx_word' id='word_1_139' title='bbox 1480 2289 1696 2390; x_wconf 76' lang='lat' dir='ltr'><strong>fungi</strong></span> <span class='ocrx_word' id='word_1_140' title='bbox 1724 2317 1820 2364; x_wconf 88' lang='lat' dir='ltr'><strong>an</strong></span> <span class='ocrx_word' id='word_1_141' title='bbox 1858 2318 2106 2386; x_wconf 73' lang='lat' dir='ltr'><strong>secuS,</strong></span> <span class='ocrx_word' id='word_1_142' title='bbox 2157 2293 2727 2394; x_wconf 87' lang='lat' dir='ltr'><strong>relinquendiue</strong></span> 
     </span>
     <span class='ocr_line' id='line_1_21' title="bbox 538 2387 2822 2488; baseline 0.003 -29"><span class='ocrx_word' id='word_1_143' title='bbox 538 2389 618 2459; x_wconf 91' lang='lat' dir='ltr'><strong>iu</strong></span> <span class='ocrx_word' id='word_1_144' title='bbox 681 2411 990 2463; x_wconf 89' lang='lat' dir='ltr'><strong>munere</strong></span> <span class='ocrx_word' id='word_1_145' title='bbox 1042 2415 1139 2463; x_wconf 84' lang='lat' dir='ltr'><strong>an</strong></span> <span class='ocrx_word' id='word_1_146' title='bbox 1187 2387 1585 2463; x_wconf 85' lang='lat' dir='ltr'><strong>amovendi</strong></span> <span class='ocrx_word' id='word_1_147' title='bbox 1634 2394 1893 2464; x_wconf 85' lang='lat' dir='ltr'><strong>esseut</strong></span> <span class='ocrx_word' id='word_1_148' title='bbox 1917 2390 2034 2488; x_wconf 84' lang='lat'><strong>¹¹).</strong></span> <span class='ocrx_word' id='word_1_149' title='bbox 2133 2388 2454 2465; x_wconf 87' lang='lat' dir='ltr'><strong>Licebat</strong></span> <span class='ocrx_word' id='word_1_150' title='bbox 2503 2395 2730 2465; x_wconf 87' lang='lat' dir='ltr'><strong>etiam</strong></span> <span class='ocrx_word' id='word_1_151' title='bbox 2815 2441 2822 2446; x_wconf 77' lang='lat'><em>·</em></span> 
     </span>
     <span class='ocr_line' id='line_1_22' title="bbox 543 2483 2730 2589; baseline 0.002 -32"><span class='ocrx_word' id='word_1_152' title='bbox 543 2488 778 2561; x_wconf 86' lang='lat' dir='ltr'><strong>cuivis</strong></span> <span class='ocrx_word' id='word_1_153' title='bbox 841 2483 961 2560; x_wconf 81' lang='lat' dir='ltr'><strong>vel</strong></span> <span class='ocrx_word' id='word_1_154' title='bbox 1018 2488 1490 2588; x_wconf 84' lang='lat' dir='ltr'><strong>privatarum</strong></span> <span class='ocrx_word' id='word_1_155' title='bbox 1552 2490 1999 2561; x_wconf 84' lang='lat' dir='ltr'><strong>iniuriarum</strong></span> <span class='ocrx_word' id='word_1_156' title='bbox 2065 2486 2418 2589; x_wconf 86' lang='lat' dir='ltr'><strong>querelas</strong></span> <span class='ocrx_word' id='word_1_157' title='bbox 2445 2490 2541 2580; x_wconf 79' lang='lat'><strong>¹²)</strong></span> <span class='ocrx_word' id='word_1_158' title='bbox 2609 2486 2730 2562; x_wconf 83' lang='lat' dir='ltr'><strong>vel</strong></span> 
     </span>
     <span class='ocr_line' id='line_1_23' title="bbox 510 2578 2729 2681; baseline 0.001 -24"><span class='ocrx_word' id='word_1_159' title='bbox 510 2671 515 2676; x_wconf 31' lang='grc'><em>,</em></span> <span class='ocrx_word' id='word_1_160' title='bbox 537 2578 1015 2681; x_wconf 87' lang='lat' dir='ltr'><strong>publicorum</strong></span> <span class='ocrx_word' id='word_1_161' title='bbox 1101 2582 1554 2660; x_wconf 79' lang='lat' dir='ltr'><strong>delictorum</strong></span> <span class='ocrx_word' id='word_1_162' title='bbox 1641 2581 1923 2660; x_wconf 85' lang='lat' dir='ltr'><strong>indicia</strong></span> <span class='ocrx_word' id='word_1_163' title='bbox 1995 2588 2130 2661; x_wconf 86' lang='lat' dir='ltr'><strong>aut</strong></span> <span class='ocrx_word' id='word_1_164' title='bbox 2200 2589 2729 2660; x_wconf 80' lang='lat' dir='ltr'><strong>accusationes</strong></span> 
     </span>
    </p>
   </div>
   <div class='ocr_carea' id='block_1_3' title="bbox 541 2741 946 2760">
    <p class='ocr_par' dir='ltr' id='par_1_3' title="bbox 541 2741 946 2760">
     <span class='ocr_line' id='line_1_24' title="bbox 541 2741 946 2760; baseline 0 2215"><span class='ocrx_word' id='word_1_165' title='bbox 541 2741 946 2760; x_wconf 95' lang='lat' dir='ltr'><strong> </strong></span> 
     </span>
    </p>
   </div>
   <div class='ocr_carea' id='block_1_4' title="bbox 677 2793 1963 3022">
    <p class='ocr_par' dir='ltr' id='par_1_4' title="bbox 677 2793 1963 3022">
     <span class='ocr_line' id='line_1_25' title="bbox 679 2793 1420 2912; baseline 0.004 -15"><span class='ocrx_word' id='word_1_166' title='bbox 679 2840 746 2911; x_wconf 82' lang='lat'><strong>5)</strong></span> <span class='ocrx_word' id='word_1_167' title='bbox 784 2793 872 2898; x_wconf 54' lang='lat' dir='ltr'><strong>(Jf.</strong></span> <span class='ocrx_word' id='word_1_168' title='bbox 910 2841 1046 2899; x_wconf 83' lang='lat' dir='ltr'><strong>infr.</strong></span> <span class='ocrx_word' id='word_1_169' title='bbox 1083 2863 1133 2906; x_wconf 73' lang='lat' dir='ltr'><strong>e.</strong></span> <span class='ocrx_word' id='word_1_170' title='bbox 1166 2845 1203 2902; x_wconf 82' lang='lat'><strong>5</strong></span> <span class='ocrx_word' id='word_1_171' title='bbox 1238 2843 1291 2912; x_wconf 81' lang='lat'><strong>§.</strong></span> <span class='ocrx_word' id='word_1_172' title='bbox 1327 2844 1420 2901; x_wconf 84' lang='lat'><strong>38.</strong></span> 
     </span>
     <span class='ocr_line' id='line_1_26' title="bbox 677 2947 1963 3022; baseline 0.002 -17"><span class='ocrx_word' id='word_1_173' title='bbox 677 2947 744 3018; x_wconf 78' lang='lat'><strong>6)</strong></span> <span class='ocrx_word' id='word_1_174' title='bbox 780 2948 998 3004; x_wconf 83' lang='lat' dir='ltr'><strong>Pollux</strong></span> <span class='ocrx_word' id='word_1_175' title='bbox 1033 2952 1206 3020; x_wconf 81' lang='lat' dir='ltr'><strong>vm,</strong></span> <span class='ocrx_word' id='word_1_176' title='bbox 1244 2951 1337 3007; x_wconf 95' lang='grc'><strong>87.</strong></span> <span class='ocrx_word' id='word_1_177' title='bbox 1375 2950 1448 3005; x_wconf 82' lang='lat' dir='ltr'><strong>de</strong></span> <span class='ocrx_word' id='word_1_178' title='bbox 1485 2952 1705 3009; x_wconf 81' lang='lat' dir='ltr'><strong>comitt.</strong></span> <span class='ocrx_word' id='word_1_179' title='bbox 1739 2968 1796 3022; x_wconf 94' lang='grc' dir='ltr'><strong>Ρ.</strong></span> <span class='ocrx_word' id='word_1_180' title='bbox 1831 2949 1963 3007; x_wconf 83' lang='grc'><strong>327.</strong></span> 
     </span>
    </p>
   </div>
   <div class='ocr_carea' id='block_1_5' title="bbox 470 3053 2725 3348">
    <p class='ocr_par' dir='ltr' id='par_1_5' title="bbox 470 3053 2725 3348">
     <span class='ocr_line' id='line_1_27' title="bbox 679 3053 2725 3133; baseline 0.004 -23"><span class='ocrx_word' id='word_1_181' title='bbox 679 3055 736 3123; x_wconf 89' lang='grc'><strong>7)</strong></span> <span class='ocrx_word' id='word_1_182' title='bbox 775 3057 928 3111; x_wconf 81' lang='lat' dir='ltr'><strong>Ibid.</strong></span> <span class='ocrx_word' id='word_1_183' title='bbox 967 3085 1033 3098; x_wconf 89' lang='lat'>—</span> <span class='ocrx_word' id='word_1_184' title='bbox 1075 3056 1167 3115; x_wconf 75' lang='lat' dir='ltr'><strong>Of.</strong></span> <span class='ocrx_word' id='word_1_185' title='bbox 1203 3059 1382 3113; x_wconf 81' lang='lat' dir='ltr'><strong>Arist.</strong></span> <span class='ocrx_word' id='word_1_186' title='bbox 1419 3057 1596 3113; x_wconf 74' lang='lat' dir='ltr'><strong>Polit.</strong></span> <span class='ocrx_word' id='word_1_187' title='bbox 1632 3060 1713 3126; x_wconf 79' lang='lat' dir='ltr'><strong>V,</strong></span> <span class='ocrx_word' id='word_1_188' title='bbox 1747 3059 1801 3127; x_wconf 81' lang='lat'><strong>4,</strong></span> <span class='ocrx_word' id='word_1_189' title='bbox 1838 3058 1875 3113; x_wconf 78' lang='lat'><strong>6</strong></span> <span class='ocrx_word' id='word_1_190' title='bbox 1912 3077 1961 3112; x_wconf 86' lang='grc' dir='ltr'><strong>ο.</strong></span> <span class='ocrx_word' id='word_1_191' title='bbox 2011 3053 2357 3112; x_wconf 78' lang='lat' dir='ltr'><strong>Schneideri</strong></span> <span class='ocrx_word' id='word_1_192' title='bbox 2403 3077 2608 3114; x_wconf 83' lang='lat' dir='ltr'><strong>comm.</strong></span> <span class='ocrx_word' id='word_1_193' title='bbox 2662 3079 2725 3133; x_wconf 87' lang='grc' dir='ltr'><strong>Ρ.</strong></span> 
     </span>
     <span class='ocr_line' id='line_1_28' title="bbox 470 3118 2723 3204; baseline 0.003 -24"><span class='ocrx_word' id='word_1_194' title='bbox 470 3158 473 3159; x_wconf 33' lang='lat'><em>⁷</em></span> <span class='ocrx_word' id='word_1_195' title='bbox 535 3125 663 3181; x_wconf 81' lang='lat'><strong>305.</strong></span> <span class='ocrx_word' id='word_1_196' title='bbox 732 3118 1062 3204; x_wconf 68' lang='lat' dir='ltr'><strong>Xuqow&#39;vlar</strong></span> <span class='ocrx_word' id='word_1_197' title='bbox 1091 3128 1384 3202; x_wconf 71' lang='grc' dir='ltr'><strong><em>μνηστεύειν</em></strong></span> <span class='ocrx_word' id='word_1_198' title='bbox 1421 3136 1510 3184; x_wconf 81' lang='lat' dir='ltr'><strong>est</strong></span> <span class='ocrx_word' id='word_1_199' title='bbox 1547 3130 1698 3201; x_wconf 84' lang='lat' dir='ltr'><strong>apud</strong></span> <span class='ocrx_word' id='word_1_200' title='bbox 1736 3132 1915 3185; x_wconf 83' lang='lat' dir='ltr'><strong>Isocr.</strong></span> <span class='ocrx_word' id='word_1_201' title='bbox 1954 3128 2029 3183; x_wconf 84' lang='lat' dir='ltr'><strong>de</strong></span> <span class='ocrx_word' id='word_1_202' title='bbox 2063 3147 2191 3202; x_wconf 82' lang='lat' dir='ltr'><strong>pao.</strong></span> <span class='ocrx_word' id='word_1_203' title='bbox 2233 3148 2284 3183; x_wconf 85' lang='lat' dir='ltr'><strong>c.</strong></span> <span class='ocrx_word' id='word_1_204' title='bbox 2320 3132 2374 3186; x_wconf 79' lang='lat'><strong>5.</strong></span> <span class='ocrx_word' id='word_1_205' title='bbox 2429 3133 2723 3186; x_wconf 80' lang='lat' dir='ltr'><strong>Petitores</strong></span> 
     </span>
     <span class='ocr_line' id='line_1_29' title="bbox 537 3200 2722 3276; baseline 0.003 -26"><span class='ocrx_word' id='word_1_206' title='bbox 537 3201 637 3269; x_wconf 85' lang='lat' dir='ltr'><strong>qui</strong></span> <span class='ocrx_word' id='word_1_207' title='bbox 680 3210 1079 3272; x_wconf 80' lang='lat' dir='ltr'><strong>proponuntur</strong></span> <span class='ocrx_word' id='word_1_208' title='bbox 1125 3220 1200 3274; x_wconf 90' lang='lat' dir='ltr'><strong>po</strong></span> <span class='ocrx_word' id='word_1_209' title='bbox 1245 3200 1343 3254; x_wconf 90' lang='lat' dir='ltr'><strong>ulo</strong></span> <span class='ocrx_word' id='word_1_210' title='bbox 1389 3202 1778 3276; x_wconf 71' lang='grc' dir='ltr'><strong>προβάλλεσθαι</strong></span> <span class='ocrx_word' id='word_1_211' title='bbox 1824 3203 2110 3255; x_wconf 84' lang='lat' dir='ltr'><strong>dicuntur.</strong></span> <span class='ocrx_word' id='word_1_212' title='bbox 2201 3200 2337 3254; x_wconf 78' lang='lat' dir='ltr'><strong>vid.</strong></span> <span class='ocrx_word' id='word_1_213' title='bbox 2376 3202 2448 3256; x_wconf 84' lang='lat' dir='ltr'><strong>de</strong></span> <span class='ocrx_word' id='word_1_214' title='bbox 2500 3208 2722 3257; x_wconf 81' lang='lat' dir='ltr'><strong>comitt.</strong></span> 
     </span>
     <span class='ocr_line' id='line_1_30' title="bbox 533 3270 2725 3348; baseline 0.004 -28"><span class='ocrx_word' id='word_1_215' title='bbox 533 3288 594 3338; x_wconf 83' lang='lat' dir='ltr'><strong>p.</strong></span> <span class='ocrx_word' id='word_1_216' title='bbox 628 3270 747 3324; x_wconf 76' lang='grc'><strong>328,</strong></span> <span class='ocrx_word' id='word_1_217' title='bbox 824 3274 917 3324; x_wconf 87' lang='lat' dir='ltr'><strong>Ex</strong></span> <span class='ocrx_word' id='word_1_218' title='bbox 968 3292 1038 3325; x_wconf 88' lang='lat' dir='ltr'><strong>eo</strong></span> <span class='ocrx_word' id='word_1_219' title='bbox 1078 3292 1193 3346; x_wconf 85' lang='lat' dir='ltr'><strong>quo</strong></span> <span class='ocrx_word' id='word_1_220' title='bbox 1284 3271 1448 3326; x_wconf 79' lang='lat' dir='ltr'><strong>Plato</strong></span> <span class='ocrx_word' id='word_1_221' title='bbox 1496 3274 1678 3345; x_wconf 72' lang='lat' dir='ltr'><strong>Legg.</strong></span> <span class='ocrx_word' id='word_1_222' title='bbox 1730 3273 1822 3326; x_wconf 87' lang='lat' dir='ltr'><strong>v1</strong></span> <span class='ocrx_word' id='word_1_223' title='bbox 1865 3292 1919 3344; x_wconf 88' lang='grc' dir='ltr'><strong>Ρ.</strong></span> <span class='ocrx_word' id='word_1_224' title='bbox 1956 3274 2062 3327; x_wconf 83' lang='grc'><strong>765</strong></span> <span class='ocrx_word' id='word_1_225' title='bbox 2111 3274 2181 3327; x_wconf 87' lang='grc' dir='ltr'><strong>Β.</strong></span> <span class='ocrx_word' id='word_1_226' title='bbox 2238 3271 2602 3348; x_wconf 73' lang='grc' dir='ltr'><strong>ἀντιπροβολὴν</strong></span> <span class='ocrx_word' id='word_1_227' title='bbox 2664 3280 2725 3329; x_wconf 79' lang='lat' dir='ltr'><strong>ct</strong></span> 
     </span>
    </p>
   </div>
   <div class='ocr_carea' id='block_1_6' title="bbox 421 3344 2721 3428">
    <p class='ocr_par' dir='ltr' id='par_1_6' title="bbox 421 3344 2721 3428">
     <span class='ocr_line' id='line_1_31' title="bbox 421 3344 2721 3428; baseline 0.002 -34"><span class='ocrx_word' id='word_1_228' title='bbox 421 3374 427 3379; x_wconf 89' lang='lat'><em>-</em></span> <span class='ocrx_word' id='word_1_229' title='bbox 532 3345 947 3428; x_wconf 54' lang='grc' dir='ltr'><strong><em>προχειροωνίαν</em></strong></span> <span class='ocrx_word' id='word_1_230' title='bbox 989 3346 1212 3397; x_wconf 81' lang='lat' dir='ltr'><strong>institui</strong></span> <span class='ocrx_word' id='word_1_231' title='bbox 1257 3344 1491 3411; x_wconf 82' lang='lat' dir='ltr'><strong>suadet,</strong></span> <span class='ocrx_word' id='word_1_232' title='bbox 1546 3344 1693 3397; x_wconf 83' lang='lat' dir='ltr'><strong>haec</strong></span> <span class='ocrx_word' id='word_1_233' title='bbox 1753 3347 1838 3398; x_wconf 83' lang='lat' dir='ltr'><strong>ita</strong></span> <span class='ocrx_word' id='word_1_234' title='bbox 1896 3347 2068 3398; x_wconf 87' lang='lat' dir='ltr'><strong>etiam</strong></span> <span class='ocrx_word' id='word_1_235' title='bbox 2132 3344 2285 3415; x_wconf 84' lang='lat' dir='ltr'><strong>apud</strong></span> <span class='ocrx_word' id='word_1_236' title='bbox 2329 3347 2721 3400; x_wconf 79' lang='lat' dir='ltr'><strong>,Athenienses</strong></span> 
     </span>
    </p>
   </div>
   <div class='ocr_carea' id='block_1_7' title="bbox 533 3412 2723 3630">
    <p class='ocr_par' dir='ltr' id='par_1_7' title="bbox 533 3412 2723 3630">
     <span class='ocr_line' id='line_1_32' title="bbox 536 3412 2723 3488; baseline 0.003 -23"><span class='ocrx_word' id='word_1_237' title='bbox 536 3412 858 3467; x_wconf 66' lang='lat' dir='ltr'><strong>obtinuisse</strong></span> <span class='ocrx_word' id='word_1_238' title='bbox 895 3414 1258 3468; x_wconf 83' lang='lat' dir='ltr'><strong>Hermannus</strong></span> <span class='ocrx_word' id='word_1_239' title='bbox 1297 3416 1370 3468; x_wconf 84' lang='lat' dir='ltr'><strong>de</strong></span> <span class='ocrx_word' id='word_1_240' title='bbox 1405 3419 1654 3486; x_wconf 73' lang='lat' dir='ltr'><strong>vestigg.</strong></span> <span class='ocrx_word' id='word_1_241' title='bbox 1696 3423 1839 3469; x_wconf 80' lang='lat' dir='ltr'><strong>vett.</strong></span> <span class='ocrx_word' id='word_1_242' title='bbox 1875 3417 2080 3469; x_wconf 80' lang='lat' dir='ltr'><strong>institt.</strong></span> <span class='ocrx_word' id='word_1_243' title='bbox 2121 3426 2230 3468; x_wconf 83' lang='lat' dir='ltr'><strong>etc.</strong></span> <span class='ocrx_word' id='word_1_244' title='bbox 2266 3435 2320 3488; x_wconf 90' lang='lat' dir='ltr'><strong>p.</strong></span> <span class='ocrx_word' id='word_1_245' title='bbox 2357 3417 2431 3471; x_wconf 88' lang='grc'><strong>40</strong></span> <span class='ocrx_word' id='word_1_246' title='bbox 2468 3420 2723 3487; x_wconf 82' lang='lat' dir='ltr'><strong>coniicit,</strong></span> 
     </span>
     <span class='ocr_line' id='line_1_33' title="bbox 537 3483 2719 3556; baseline 0.003 -20"><span class='ocrx_word' id='word_1_247' title='bbox 537 3483 796 3552; x_wconf 74' lang='lat' dir='ltr'><strong>calidius,</strong></span> <span class='ocrx_word' id='word_1_248' title='bbox 835 3487 1058 3556; x_wconf 82' lang='lat' dir='ltr'><strong>opinor,</strong></span> <span class='ocrx_word' id='word_1_249' title='bbox 1135 3505 1268 3538; x_wconf 89' lang='lat' dir='ltr'><strong>uam</strong></span> <span class='ocrx_word' id='word_1_250' title='bbox 1305 3489 1547 3542; x_wconf 82' lang='lat' dir='ltr'><strong>cautius.</strong></span> <span class='ocrx_word' id='word_1_251' title='bbox 1620 3488 1835 3540; x_wconf 85' lang='lat' dir='ltr'><strong>Mirum</strong></span> <span class='ocrx_word' id='word_1_252' title='bbox 1875 3492 2031 3541; x_wconf 82' lang='lat' dir='ltr'><strong>certe</strong></span> <span class='ocrx_word' id='word_1_253' title='bbox 2075 3486 2232 3541; x_wconf 79' lang='lat' dir='ltr'><strong>foret</strong></span> <span class='ocrx_word' id='word_1_254' title='bbox 2277 3487 2504 3543; x_wconf 81' lang='lat' dir='ltr'><strong>nullum</strong></span> <span class='ocrx_word' id='word_1_255' title='bbox 2539 3486 2719 3543; x_wconf 80' lang='lat' dir='ltr'><strong>huius</strong></span> 
     </span>
     <span class='ocr_line' id='line_1_34' title="bbox 533 3556 1914 3630; baseline 0.003 -22"><span class='ocrx_word' id='word_1_256' title='bbox 533 3558 620 3610; x_wconf 82' lang='lat' dir='ltr'><strong>rei</strong></span> <span class='ocrx_word' id='word_1_257' title='bbox 657 3556 935 3611; x_wconf 75' lang='lat' dir='ltr'><strong>indicium</strong></span> <span class='ocrx_word' id='word_1_258' title='bbox 971 3574 1085 3629; x_wconf 87' lang='lat' dir='ltr'><strong>apu</strong></span> <span class='ocrx_word' id='word_1_259' title='bbox 1163 3556 1311 3610; x_wconf 81' lang='lat' dir='ltr'><strong>alios</strong></span> <span class='ocrx_word' id='word_1_260' title='bbox 1347 3561 1660 3630; x_wconf 74' lang='lat' dir='ltr'><strong>scriptores</strong></span> <span class='ocrx_word' id='word_1_261' title='bbox 1698 3565 1914 3613; x_wconf 81' lang='lat' dir='ltr'><strong>extare.</strong></span> 
     </span>
    </p>
   </div>
   <div class='ocr_carea' id='block_1_8' title="bbox 668 3652 1466 3859">
    <p class='ocr_par' dir='ltr' id='par_1_8' title="bbox 668 3652 1466 3859">
     <span class='ocr_line' id='line_1_35' title="bbox 676 3652 1466 3738; baseline 0.003 -21"><span class='ocrx_word' id='word_1_262' title='bbox 676 3660 734 3729; x_wconf 86' lang='grc'><strong>8)</strong></span> <span class='ocrx_word' id='word_1_263' title='bbox 769 3665 862 3718; x_wconf 86' lang='lat' dir='ltr'><strong>De</strong></span> <span class='ocrx_word' id='word_1_264' title='bbox 899 3665 1116 3721; x_wconf 77' lang='lat' dir='ltr'><strong>comitt.</strong></span> <span class='ocrx_word' id='word_1_265' title='bbox 1153 3681 1210 3735; x_wconf 93' lang='grc' dir='ltr'><strong>Ρ.</strong></span> <span class='ocrx_word' id='word_1_266' title='bbox 1246 3652 1356 3719; x_wconf 76' lang='grc'><strong>327</strong></span> <span class='ocrx_word' id='word_1_267' title='bbox 1379 3683 1466 3738; x_wconf 80' lang='lat' dir='ltr'><strong>sq.</strong></span> 
     </span>
     <span class='ocr_line' id='line_1_36' title="bbox 668 3763 1457 3859; baseline 0.01 -38"><span class='ocrx_word' id='word_1_268' title='bbox 668 3763 736 3838; x_wconf 89' lang='grc'><strong>9)</strong></span> <span class='ocrx_word' id='word_1_269' title='bbox 777 3768 1066 3859; x_wconf 75' lang='lat' dir='ltr'><strong>Plutarch.</strong></span> <span class='ocrx_word' id='word_1_270' title='bbox 1102 3769 1287 3828; x_wconf 81' lang='lat' dir='ltr'><strong>Phoe.</strong></span> <span class='ocrx_word' id='word_1_271' title='bbox 1320 3788 1368 3823; x_wconf 86' lang='lat' dir='ltr'><strong>c.</strong></span> <span class='ocrx_word' id='word_1_272' title='bbox 1403 3769 1457 3829; x_wconf 92' lang='grc'><strong>8.</strong></span> 
     </span>
    </p>
   </div>
   <div class='ocr_carea' id='block_1_9' title="bbox 533 3849 2715 4017">
    <p class='ocr_par' dir='ltr' id='par_1_9' title="bbox 533 3849 2715 4017">
     <span class='ocr_line' id='line_1_37' title="bbox 533 3849 2715 4000; baseline 0.001 -73"><span class='ocrx_word' id='word_1_273' title='bbox 533 3940 640 4000; x_wconf 59' lang='lat'><strong>211</strong></span> <span class='ocrx_word' id='word_1_274' title='bbox 676 3871 775 3942; x_wconf 85' lang='lat' dir='ltr'><strong>lo)</strong></span> <span class='ocrx_word' id='word_1_275' title='bbox 812 3877 904 3930; x_wconf 85' lang='lat' dir='ltr'><strong>De</strong></span> <span class='ocrx_word' id='word_1_276' title='bbox 942 3881 1158 3933; x_wconf 76' lang='lat' dir='ltr'><strong>comitt.</strong></span> <span class='ocrx_word' id='word_1_277' title='bbox 1194 3889 1253 3943; x_wconf 94' lang='lat' dir='ltr'><strong>P.</strong></span> <span class='ocrx_word' id='word_1_278' title='bbox 1289 3875 1418 3932; x_wconf 85' lang='grc'><strong>329.</strong></span> <span class='ocrx_word' id='word_1_279' title='bbox 1504 3874 1600 3932; x_wconf 79' lang='lat' dir='ltr'><strong>Cf.</strong></span> <span class='ocrx_word' id='word_1_280' title='bbox 1634 3878 1765 3935; x_wconf 76' lang='lat' dir='ltr'><strong>Ast.</strong></span> <span class='ocrx_word' id='word_1_281' title='bbox 1801 3874 1876 3929; x_wconf 81' lang='lat' dir='ltr'><strong>ad</strong></span> <span class='ocrx_word' id='word_1_282' title='bbox 1923 3871 2182 3947; x_wconf 78' lang='lat' dir='ltr'><strong>Teophr.</strong></span> <span class='ocrx_word' id='word_1_283' title='bbox 2216 3871 2384 3940; x_wconf 60' lang='lat' dir='ltr'><strong>[chat.</strong></span> <span class='ocrx_word' id='word_1_284' title='bbox 2431 3893 2483 3931; x_wconf 88' lang='lat' dir='ltr'><strong>c.</strong></span> <span class='ocrx_word' id='word_1_285' title='bbox 2538 3875 2634 3959; x_wconf 59' lang='grc' dir='ltr'><strong>24ἱ</strong></span> <span class='ocrx_word' id='word_1_286' title='bbox 2655 3849 2715 3941; x_wconf 76' lang='grc' dir='ltr'><strong>Ρ.</strong></span> 
     </span>
     <span class='ocr_line' id='line_1_38' title="bbox 676 3963 839 4017; baseline 0.006 -19"><span class='ocrx_word' id='word_1_287' title='bbox 676 3963 764 4017; x_wconf 82' lang='lat' dir='ltr'><strong>sq.</strong></span> <span class='ocrx_word' id='word_1_288' title='bbox 826 4005 839 4008; x_wconf 55' lang='grc'><strong><em>,</em></strong></span> 
     </span>
    </p>
   </div>
   <div class='ocr_carea' id='block_1_10' title="bbox 531 4050 2715 4263">
    <p class='ocr_par' dir='ltr' id='par_1_10' title="bbox 531 4050 2715 4263">
     <span class='ocr_line' id='line_1_39' title="bbox 677 4050 2715 4129; baseline -0.001 -23"><span class='ocrx_word' id='word_1_289' title='bbox 677 4051 773 4121; x_wconf 90' lang='lat' dir='ltr'><strong>ll)</strong></span> <span class='ocrx_word' id='word_1_290' title='bbox 811 4055 976 4108; x_wconf 84' lang='lat' dir='ltr'><strong>Haec</strong></span> <span class='ocrx_word' id='word_1_291' title='bbox 1025 4061 1112 4110; x_wconf 80' lang='lat' dir='ltr'><strong>est</strong></span> <span class='ocrx_word' id='word_1_292' title='bbox 1155 4055 1516 4129; x_wconf 65' lang='grc' dir='ltr'><strong>ἔπεχειροωνῐα</strong></span> <span class='ocrx_word' id='word_1_293' title='bbox 1556 4053 1659 4108; x_wconf 72' lang='grc' dir='ltr'><strong>τῶν</strong></span> <span class='ocrx_word' id='word_1_294' title='bbox 1705 4050 2002 4128; x_wconf 67' lang='grc' dir='ltr'><strong><em>ἀρχόντων,</em></strong></span> <span class='ocrx_word' id='word_1_295' title='bbox 2061 4053 2133 4108; x_wconf 80' lang='lat' dir='ltr'><strong>de</strong></span> <span class='ocrx_word' id='word_1_296' title='bbox 2179 4072 2295 4126; x_wconf 83' lang='lat' dir='ltr'><strong>qua</strong></span> <span class='ocrx_word' id='word_1_297' title='bbox 2338 4052 2460 4108; x_wconf 80' lang='lat' dir='ltr'><strong>vid.</strong></span> <span class='ocrx_word' id='word_1_298' title='bbox 2496 4050 2715 4106; x_wconf 86' lang='lat' dir='ltr'><strong>Pollux</strong></span> 
     </span>
     <span class='ocr_line' id='line_1_40' title="bbox 533 4121 2712 4201; baseline -0.002 -20"><span class='ocrx_word' id='word_1_299' title='bbox 533 4121 698 4192; x_wconf 81' lang='lat' dir='ltr'>VIII,</span> <span class='ocrx_word' id='word_1_300' title='bbox 734 4127 822 4181; x_wconf 80' lang='lat'><strong>95.</strong></span> <span class='ocrx_word' id='word_1_301' title='bbox 897 4128 1179 4200; x_wconf 81' lang='lat' dir='ltr'><strong>Harpocr.</strong></span> <span class='ocrx_word' id='word_1_302' title='bbox 1216 4135 1276 4180; x_wconf 84' lang='lat' dir='ltr'><strong>et</strong></span> <span class='ocrx_word' id='word_1_303' title='bbox 1312 4126 1475 4181; x_wconf 77' lang='lat' dir='ltr'><strong>Suid·</strong></span> <span class='ocrx_word' id='word_1_304' title='bbox 1512 4144 1561 4180; x_wconf 85' lang='lat' dir='ltr'><strong>s.</strong></span> <span class='ocrx_word' id='word_1_305' title='bbox 1598 4145 1655 4179; x_wconf 70' lang='grc' dir='ltr'><strong>ν.</strong></span> <span class='ocrx_word' id='word_1_306' title='bbox 1689 4129 1843 4201; x_wconf 66' lang='grc' dir='ltr'><strong><em>κυρία</em></strong></span> <span class='ocrx_word' id='word_1_307' title='bbox 1875 4127 2125 4193; x_wconf 67' lang='grc' dir='ltr'><strong>ἐκκλησία.</strong></span> <span class='ocrx_word' id='word_1_308' title='bbox 2191 4125 2345 4183; x_wconf 77' lang='lat' dir='ltr'><strong>Add.</strong></span> <span class='ocrx_word' id='word_1_309' title='bbox 2383 4126 2460 4179; x_wconf 84' lang='lat' dir='ltr'><strong>de</strong></span> <span class='ocrx_word' id='word_1_310' title='bbox 2496 4127 2712 4178; x_wconf 80' lang='lat' dir='ltr'><strong>comitt.</strong></span> 
     </span>
     <span class='ocr_line' id='line_1_41' title="bbox 531 4196 2635 4263; baseline 0.001 -14"><span class='ocrx_word' id='word_1_311' title='bbox 531 4206 591 4260; x_wconf 95' lang='lat' dir='ltr'><strong>P.</strong></span> <span class='ocrx_word' id='word_1_312' title='bbox 630 4196 758 4252; x_wconf 68' lang='grc'><strong>231.</strong></span> <span class='ocrx_word' id='word_1_313' title='bbox 826 4199 1034 4253; x_wconf 86' lang='lat' dir='ltr'><strong>Meier.</strong></span> <span class='ocrx_word' id='word_1_314' title='bbox 1072 4200 1145 4253; x_wconf 82' lang='lat' dir='ltr'><strong>de</strong></span> <span class='ocrx_word' id='word_1_315' title='bbox 1181 4199 1318 4257; x_wconf 79' lang='lat' dir='ltr'><strong>bon.</strong></span> <span class='ocrx_word' id='word_1_316' title='bbox 1356 4198 1546 4252; x_wconf 81' lang='lat' dir='ltr'><strong>damn.</strong></span> <span class='ocrx_word' id='word_1_317' title='bbox 1582 4209 1638 4263; x_wconf 91' lang='grc' dir='ltr'><strong>Ρ.</strong></span> <span class='ocrx_word' id='word_1_318' title='bbox 1674 4197 1764 4254; x_wconf 90' lang='grc'><strong>89.</strong></span> <span class='ocrx_word' id='word_1_319' title='bbox 1837 4198 2097 4252; x_wconf 84' lang='lat' dir='ltr'><strong>Platner.</strong></span> <span class='ocrx_word' id='word_1_320' title='bbox 2141 4199 2311 4252; x_wconf 85' lang='lat' dir='ltr'><strong>Proc.</strong></span> <span class='ocrx_word' id='word_1_321' title='bbox 2349 4198 2382 4251; x_wconf 91' lang='lat'>1</span> <span class='ocrx_word' id='word_1_322' title='bbox 2415 4209 2475 4262; x_wconf 84' lang='lat' dir='ltr'><strong>P.</strong></span> <span class='ocrx_word' id='word_1_323' title='bbox 2510 4197 2635 4252; x_wconf 83' lang='lat'><strong>33⁰.</strong></span> 
     </span>
    </p>
   </div>
   <div class='ocr_carea' id='block_1_11' title="bbox 529 4301 2709 4450">
    <p class='ocr_par' dir='ltr' id='par_1_11' title="bbox 529 4301 2709 4450">
     <span class='ocr_line' id='line_1_42' title="bbox 677 4301 2709 4380; baseline -0 -24"><span class='ocrx_word' id='word_1_324' title='bbox 677 4302 780 4368; x_wconf 88' lang='grc'><strong>12)</strong></span> <span class='ocrx_word' id='word_1_325' title='bbox 814 4305 1100 4380; x_wconf 74' lang='grc' dir='ltr'><strong>Προβολᾶς.</strong></span> <span class='ocrx_word' id='word_1_326' title='bbox 1172 4305 1314 4359; x_wconf 75' lang='lat' dir='ltr'><strong>vid.</strong></span> <span class='ocrx_word' id='word_1_327' title='bbox 1348 4306 1421 4360; x_wconf 82' lang='lat' dir='ltr'><strong>de</strong></span> <span class='ocrx_word' id='word_1_328' title='bbox 1458 4307 1674 4359; x_wconf 81' lang='lat' dir='ltr'><strong>eomitt.</strong></span> <span class='ocrx_word' id='word_1_329' title='bbox 1711 4316 1770 4369; x_wconf 91' lang='grc' dir='ltr'><strong>Ρ.</strong></span> <span class='ocrx_word' id='word_1_330' title='bbox 1807 4303 1916 4359; x_wconf 86' lang='grc'><strong>229</strong></span> <span class='ocrx_word' id='word_1_331' title='bbox 1948 4323 2073 4378; x_wconf 85' lang='lat' dir='ltr'><strong>sqq.</strong></span> <span class='ocrx_word' id='word_1_332' title='bbox 2113 4311 2173 4357; x_wconf 84' lang='lat' dir='ltr'><strong>et</strong></span> <span class='ocrx_word' id='word_1_333' title='bbox 2205 4305 2332 4359; x_wconf 86' lang='grc'><strong>330.</strong></span> <span class='ocrx_word' id='word_1_334' title='bbox 2385 4301 2709 4361; x_wconf 63' lang='grc' dir='ltr'><strong>(ἈζΑῐιυαῙ.</strong></span> 
     </span>
     <span class='ocr_line' id='line_1_43' title="bbox 529 4372 2373 4450; baseline 0.003 -23"><span class='ocrx_word' id='word_1_335' title='bbox 529 4375 650 4429; x_wconf 80' lang='lat' dir='ltr'><strong>crit.</strong></span> <span class='ocrx_word' id='word_1_336' title='bbox 693 4375 890 4432; x_wconf 82' lang='lat' dir='ltr'><strong>Berol.</strong></span> <span class='ocrx_word' id='word_1_337' title='bbox 926 4395 1056 4433; x_wconf 83' lang='lat' dir='ltr'><strong>ann.</strong></span> <span class='ocrx_word' id='word_1_338' title='bbox 1093 4376 1232 4434; x_wconf 90' lang='grc'><strong>1827</strong></span> <span class='ocrx_word' id='word_1_339' title='bbox 1268 4394 1362 4433; x_wconf 84' lang='lat' dir='ltr'><strong>no.</strong></span> <span class='ocrx_word' id='word_1_340' title='bbox 1390 4378 1494 4434; x_wconf 84' lang='grc'><strong>176</strong></span> <span class='ocrx_word' id='word_1_341' title='bbox 1529 4389 1590 4445; x_wconf 89' lang='grc' dir='ltr'><strong>Ρ.</strong></span> <span class='ocrx_word' id='word_1_342' title='bbox 1627 4377 1771 4433; x_wconf 89' lang='grc'><strong>1402</strong></span> <span class='ocrx_word' id='word_1_343' title='bbox 1804 4395 1893 4450; x_wconf 81' lang='lat' dir='ltr'><strong>sq.</strong></span> <span class='ocrx_word' id='word_1_344' title='bbox 1930 4383 1991 4431; x_wconf 77' lang='lat' dir='ltr'><strong>et</strong></span> <span class='ocrx_word' id='word_1_345' title='bbox 2021 4374 2157 4431; x_wconf 82' lang='lat' dir='ltr'><strong>infr.</strong></span> <span class='ocrx_word' id='word_1_346' title='bbox 2197 4372 2251 4450; x_wconf 85' lang='lat'><strong>§.</strong></span> <span class='ocrx_word' id='word_1_347' title='bbox 2284 4376 2373 4434; x_wconf 78' lang='lat'><strong>34.</strong></span> 
     </span>
    </p>
   </div>
  </div>
 </body>
</html>
