3067 4975
547 357 695 431 228
946 355 1026 430 V.
1073 353 1194 428 De
1237 377 1328 427 re
1362 353 1680 454 publica
1728 331 2317 433 Ainemmmm.

515 585 519 594 ·
558 540 895 632 deerant,
944 535 1082 610 has
1128 534 1394 611 illasve
1445 534 1659 633 leges
1721 529 2101 612 tollendas
2160 523 2729 641 permutandus-

607 665 702 713 ue
754 662 919 711 cum
970 634 1139 707 aliis
1188 634 1320 707 aut
1381 631 1851 706 suadentium
1913 638 2044 709 aut
2110 638 2724 721 dissuadentium.

558 666 866 825 Quodsi
925 733 1320 805 mutationi
1383 728 1628 802 locum
1692 729 1856 803 dari
1915 729 2363 829 placuisset,
2427 741 2552 837 qui
2615 736 2727 811 la-

559 836 710 906 turi
770 855 1010 902 novas
1077 826 1290 925 leges
1352 830 1606 918 erant,
1669 867 1765 883 -
1826 852 1962 901 nec
2028 828 2301 905 licebat
2363 831 2730 931 abrogari

557 935 849 1004 veteres
897 926 1040 998 nisi
1084 926 1195 998 ita
1242 925 1328 996 ut
1372 949 1619 997 novae
1666 949 1809 1022 pro
1857 925 1952 997 iis
1977 924 2733 1024 subrogarentur,—

613 1021 1047 1123 romulgare
1111 1046 1242 1094 eas
1309 1018 1507 1119 apud
1574 1026 1863 1097 statuas
1926 1047 2468 1124 eponymorum
2514 1022 2731 1102 iube-

558 1054 856 1211 Kantur,
915 1115 1519 1217 creabanturque
1570 1142 1618 1190 a
1664 1114 1993 1216 populo,
2060 1125 2186 1221 qui
2240 1125 2571 1197 veterum
2609 1123 2731 1206 ,le-

559 1247 737 1322 gum
753 1219 1250 1316 patrocinium
1264 1217 1739 1312 susciperent
1767 1237 2157 1316 novasque
2172 1222 2374 1317 impu
2437 1223 2731 1313 narent,

618 1320 770 1390 uini
832 1320 1206 1388 oratores.
1305 1312 1404 1384 111
1468 1315 1800 1403 συνήγοροι
1845 1312 1978 1383 aut
2022 1319 2305 1385 σύνδικοι
2405 1320 2728 1392 icantur.

563 1346 858 1489 sseinde
923 1414 996 1484 in
1062 1413 1286 1483 tertia
1349 1404 1672 1482 ecclesia
1711 1481 1714 1482 f
1751 1405 2089 1505 legitima
2163 1409 2552 1488 ferebatur
2632 1409 2733 1488 ad

560 1508 919 1613 populum
975 1505 1069 1581 de
1118 1502 1605 1595 nomothetis‚
1660 1505 1847 1672 guot
1894 1507 1970 1577 in
2023 1512 2378 1603 quantum
2445 1518 2731 1610 tempo-

475 1669 479 1673 .
559 1615 667 1684 ris
717 1607 985 1694 creari,
1038 1601 1360 1704 quidque
1407 1625 1653 1674 merce
1713 1605 1776 1671 is
1820 1602 1914 1673 iis
1960 1610 2340 1680 numerari
2365 1606 2728 1705 placeret.

561 1700 1071 1781 Sumebantur
1120 1708 1367 1773 autem
1417 1694 1900 1769 nomothetae
1966 1723 2116 1771 non
2170 1700 2334 1792 alii,
2397 1706 2544 1777 nisi
2607 1708 2734 1805 qui

561 1801 1022 1877 heliasticum
1071 1792 1615 1870 iusiurandum
1669 1819 2015 1888 eolanno
2050 1794 2460 1874 dedissent.
2511 1799 2731 1900 Apud

562 1900 703 1985 hos
749 1901 900 1970 iam
948 1892 1310 1995 reliquum
1361 1894 1750 1988 negotium
1872 1888 2040 1964 lane
2103 1892 2198 1965 ad
2247 1899 2489 1971 instar
2534 1897 2731 1971 iudi-

563 2000 658 2070 cii
705 1990 1350 2093 pertractabatur‚
1414 1989 1800 2061 accusanti
1852 2012 1945 2059 us
2010 1990 2308 2065 veteres
2370 1992 2586 2094 leges
2637 1998 2731 2069 iis

559 2089 684 2197 qui
734 2115 970 2163 novas
1017 2085 1392 2184 tulissent,
1455 2080 2032 2158 defendentibus
2078 2090 2426 2183 patronis
2474 2118 2523 2166 a
2644 2119 2729 2163 o-

558 2186 738 2290 pulo
791 2186 1093 2276 creatis,
1151 2180 1608 2256 nomothetis
1661 2183 1908 2253 autem
1961 2209 2045 2257 re
2098 2189 2408 2282 cognita
2456 2118 2731 2263 sunl-a-

555 2291 761 2386 gium
823 2309 966 2382 pro
1032 2280 1411 2357 alterutris
1473 2276 1893 2354 serentibus
1919 2279 2010 2371 ⁸).
2108 2283 2534 2362 Praeerant
2596 2312 2731 2358 au-

560 2390 708 2457 tem
741 2378 1056 2455 consilio
1089 2376 1313 2452 iidem
1352 2381 1476 2477 qui
1519 2373 1858 2451 ecclesiis
1892 2379 2257 2476 prytanes
2282 2386 2368 2452 et
2397 2382 2730 2478 proedri‚

557 2479 1047 2578 aderantque,
1081 2477 1167 2552 ut
1195 2473 1515 2565 videtur,
1552 2475 1773 2546 etiam
1809 2468 1936 2548 alii
1971 2479 2370 2569 senatores
2395 2480 2490 2578 ⁹).
2540 2482 2732 2553 Perss

556 2578 788 2651 latam
852 2576 1030 2648 r-ite
1065 2571 1266 2670 apud
1328 2570 1814 2645 nomothetas
1873 2569 2121 2668 legem
2185 2572 2414 2647 nihilo
2481 2581 2730 2651 secius

553 2700 693 2774 per
736 2674 998 2766 γραφὴν
1038 2673 1459 2761 παρανόμων,
1504 2665 1763 2740 itidem
1809 2674 1893 2740 ut
1939 2669 2449 2768 psephismata
2481 2677 2559 2745 in
2597 2699 2727 2746 co-

554 2775 779 2845 mitiis
828 2764 1156 2866 perlata,
1224 2781 1587 2838 accusare
1639 2771 1715 2837 et
1765 2763 1861 2837 ad
1910 2763 2163 2840 iudicii
2215 2772 2728 2866 cognitionem

552 2891 828 2941 vocare
879 2865 1113 2938 cuivis
1164 2856 1480 2951 licebat,
1541 2942 1548 2947 ,
1596 2887 1769 2935 uum
1836 2863 1968 2937 aut
2014 2861 2349 2938 inutilem
2403 2891 2563 2940 eam
2612 2871 2726 2940 rei

553 2951 937 3065 publicae,
997 2962 1129 3032 aut
1189 2955 1354 3031 aliis
1422 2955 1578 3057 legi
1634 2985 1725 3031 us
1795 2965 2253 3032 contrariam
2317 2962 2725 3037 contende-

550 3064 703 3136 ret:
752 3086 894 3133 nec
943 3053 1241 3131 valebat
1288 3052 1420 3126 illa
1465 3059 1611 3128 nisi
1663 3081 1709 3128 a
1756 3052 2124 3128 iudicibus
2178 3083 2477 3157 quoque
2519 3086 2723 3132 com-

546 3154 874 3257 probata
902 3156 1020 3245 ¹⁰).
1074 3194 1164 3208 —
1219 3145 1575 3226 Ceterum
1625 3159 1933 3249 praeter
1998 3177 2318 3245 annuam
2380 3152 2583 3228 illam
2650 3159 2727 3230 et

691 3284 932 3296 ---.-—-..

547 3327 777 3382 schines
816 3331 874 3379 in
915 3327 1070 3379 Ctes.
1108 3343 1160 3394 p·
1199 3325 1338 3380 430:
1389 3324 1632 3377 alterum
1674 3319 2135 3393 Theophrastum
2171 3323 2554 3396 Harpocratio
2597 3324 2723 3380 lau.

546 3401 645 3454 dat
678 3417 817 3454 συν.
857 3399 1184 3464 Θεσμοθὲται.
1250 3395 1594 3449 Dubitatum
1632 3401 1735 3462 est,
1783 3401 1973 3446 utrum
2022 3391 2167 3446 haec
2212 3393 2722 3452 thesmothetarum

545 3471 867 3540 recognitio
905 3485 1032 3520 cum
1071 3465 1192 3529 illa,
1232 3484 1377 3537 quae
1414 3469 1476 3519 in
1510 3468 1695 3539 prima
1732 3467 2008 3537 cuiusque
2048 3467 2184 3516 anni
2221 3466 2466 3531 ecclesia
2483 3463 2722 3540 perage-

542 3545 728 3607 batur,
769 3543 1076 3594 coniuncta
1111 3535 1304 3605 fuerit,
1341 3556 1413 3590 an
1452 3551 1602 3593 non:
1648 3535 1761 3589 hoc
1802 3537 1996 3590 Petito
2033 3535 2251 3609 placuit
2285 3537 2464 3607 Legg.
2500 3542 2626 3594 Aa.
2660 3562 2720 3614 Ρ.

544 3618 646 3670 187
687 3612 939 3685 mihique
979 3608 1112 3662 olim
1151 3608 1224 3660 de
1262 3612 1474 3663 comitt.
1512 3629 1568 3680 Ρ.
1605 3609 1740 3676 26ος
1777 3606 1922 3660 illud
1960 3607 2191 3660 Wolfio
2240 3607 2279 3664 l.
2316 3608 2353 3662 l.
2391 3623 2447 3674 Ρ.
2487 3611 2612 3675 CL,
2663 3619 2724 3666 et

543 3693 732 3752 recte,
769 3692 834 3737 ut
867 3700 1022 3735 nunc
1058 3679 1324 3735 arbitror.
1399 3680 1639 3733 Scilicet
1677 3679 2043 3732 statuendum
2092 3686 2180 3731 est
2215 3683 2529 3751 superioris
2578 3686 2718 3739 anni

544 3754 954 3813 thesmothetas
992 3761 1126 3806 ante
1164 3769 1334 3823 quam
1370 3753 1708 3820 magistratu
1754 3748 1981 3804 abirent
2026 3749 2130 3802 illo
2181 3769 2420 3804 munere
2466 3751 2718 3822 functos,

546 3846 806 3903 quaeque
845 3826 915 3878 ah
953 3822 1044 3879 his
1076 3823 1340 3888 *indicata
1379 3830 1436 3876 et
1469 3824 1769 3895 proposita
1808 3827 2023 3885 essent,
2057 3824 2132 3891 ⁷³¹¹
2171 3824 2355 3893 prima
2401 3827 2543 3878 novi
2579 3829 2719 3881 anni

547 3899 786 3956 ecclesia
808 3895 1021 3972 populo
1046 3898 1285 3949 recitata
1322 3914 1467 3949 esse.
1541 3892 1629 3949 Of.
1667 3897 1726 3945 et
1758 3890 2015 3947 Platner.
2053 3894 2114 3946 11
2145 3913 2203 3965 Ρ.
2238 3894 2330 3948 30.
2364 3895 2458 3949 31.

618 4032 623 4037 ·
679 4005 744 4075 8)
780 4008 1148 4130 Νοᾷιῧέαιιιοιι
1185 3998 1440 4068 calculis,
1478 4006 1546 4054 ut
1578 4001 1642 4053 in
1676 3998 1925 4068 iudiciis,
1971 3999 2077 4055 sed
2110 3998 2393 4055 manibus.
2463 4002 2602 4058 vid.
2643 4002 2717 4057 de

543 4082 758 4135 comitt.
794 4098 851 4150 Ρ.
983 4109 998 4127 ·

677 4182 737 4251 9)
777 4181 927 4236 lhid.
959 4200 1017 4252 Ρ.
1054 4177 1161 4232 258
1193 4181 1315 4231 not.
1350 4177 1442 4234 26.

678 4287 771 4356 10)
785 4289 933 4341 lbid.
946 4285 1186 4340 Heffter.
1199 4304 1256 4358 p.
1269 4285 1378 4340 272
1390 4301 1516 4356 sqq,
1551 4278 1980 4337 Athenaeische
1998 4282 2627 4354 Gerichtsverfassung.
2652 4304 2712 4356 Ρ.

540 4365 651 4422 394
683 4381 768 4434 sq·
838 4356 1251 4414 memorandae
1285 4363 1422 4410 sunt
1457 4352 1516 4408 h.
1555 4351 1596 4406 l.
1640 4351 1802 4423 leges
1843 4354 1919 4408 de
1966 4355 2321 4428 privilegiu,
2371 4357 2443 4411 de
2478 4360 2711 4412 restitu-
