3067 4975
554 366 602 436 4
1393 360 1910 442 Prooemium.

564 545 704 622 bus
772 539 868 617 ab
935 540 1305 616 historico
1368 539 1765 616 tradendis
1839 540 2209 641 plurimae
2283 540 2477 633 sint,
2555 567 2749 643 quae

571 669 720 743 qua
769 643 1066 714 ratione
1118 637 1213 711 ad
1267 642 1788 740 antiquitatum
1840 644 2351 738 cognitionem
2406 643 2483 712 et
2531 639 2752 712 intel-

485 763 489 768 ·
565 739 838 813 lectum
945 738 1319 811 ertineant
1369 731 1589 809 nemo
1644 734 1965 827 dixerit,
2031 740 2108 810 et
2154 742 2231 809 in
2285 740 2751 838 antiquitati-

572 835 712 910 bus
750 765 1025 909 mulltae
1064 860 1254 933 quae
1294 832 1472 907 nihil
1518 831 1769 907 facere
1811 832 2206 906 videantur
2232 832 2325 906 ad
2367 834 2753 906 historiam

570 958 823 1006 rerum
894 937 1283 1029 gestarum
1351 928 1614 1004 melius
1676 929 2263 1028 intelligendam.
2363 932 2581 1004 Hanc
2649 929 2750 1006 ob

573 1054 877 1103 causam
929 1029 1122 1101 sicut
1172 1026 1511 1101 historici
1563 1052 1664 1100 ex
1715 1027 2284 1128 antIquitatibus
2335 1054 2426 1101 ea
2470 1027 2756 1101 tantum

576 1124 1005 1199 adsciscere
1072 1124 1355 1214 solent,
1420 1121 1693 1221 quibus
1756 1151 1838 1198 se
1904 1123 1999 1196 ad
2070 1123 2556 1223 explicandas
2633 1151 2759 1197 res

572 1227 839 1322 gestas
889 1225 966 1298 et
1015 1228 1328 1297 eventus
1375 1224 1489 1294 uti
1535 1247 1770 1320 posse
1819 1220 2174 1307 iudicent,
2222 1226 2328 1294 ita
2381 1223 2604 1295 etiam
2637 1226 2764 1322 qui

579 1322 1066 1420 antiquitates
1134 1317 1443 1392 tradunt
1505 1345 1608 1391 ex
1685 1316 2003 1391 historia
2067 1318 2250 1391 nihil
2335 1318 2483 1392 sibi
2547 1343 2763 1393 assu-

579 1420 926 1491 mendum
977 1412 1416 1507 censebunt,
1464 1419 1614 1489 nisi
1667 1414 1869 1516 quod
1923 1414 2014 1487 ad
2067 1413 2386 1488 sormam
2455 1419 2532 1490 et
2582 1442 2763 1488 cou-

584 1513 955 1588 dicionem
1023 1517 1133 1586 rei
1191 1511 1540 1612 publicae
1611 1517 1916 1611 eiusque
1994 1515 2449 1586 mutationes
2528 1513 2765 1612 expli-

586 1609 870 1685 candas
932 1614 1312 1709 pertinere
1375 1607 1914 1683 intellexerint.
2035 1611 2251 1682 Hauc
2324 1613 2560 1706 igitur
2626 1637 2767 1684 nos

591 1734 891 1808 quoque
952 1711 1029 1780 in
1097 1707 1410 1779 Graecis
1483 1703 2058 1808 antiquitatibus
2123 1710 2494 1781 rationem
2557 1715 2766 1781 tene·-

584 1802 869 1878 bimus:
940 1810 1216 1879 erimus
1282 1806 1533 1876 tamen
1594 1807 1678 1877 *in
1729 1802 1870 1876 hae
1920 1803 2281 1876 historica
2328 1812 2544 1903 parte
2600 1802 2769 1878 bre-

590 1905 917 1996 vissimi,
989 1898 1592 2001 quandoquidem
1659 1899 2053 1974 auditores
2101 1907 2486 1999 poscimus
2539 1900 2772 1974 histo-

590 2002 755 2073 riae
807 2003 1242 2095 cognitione
1293 2000 1441 2070 iam
1504 1994 2011 2095 probabiliter
2069 2002 2516 2092 instructos,
2582 2025 2775 2100 quos

603 2093 697 2170 de
743 2093 1084 2195 plurimis
1132 2092 1365 2169 rebus
1413 2091 1653 2168 verbo
1704 2119 2014 2168 monere
2067 2100 2252 2169 satis
2300 2098 2425 2172 sit.

1551 2251 1621 2332 §.
1681 2245 1819 2319 ΠΙ.

744 2378 885 2451 His
959 2379 1212 2476 itaque
1277 2374 1555 2450 finibus
1601 2375 1896 2451 inclusa
1949 2378 2410 2451 Graecarum
2459 2381 2780 2478 antiqui-

526 2532 531 2535 ψ
602 2474 835 2550 tatum
904 2473 1301 2575 disciplina
1361 2474 1897 2573 amplissimum
1975 2479 2225 2550 tamen
2298 2474 2783 2575 plurimarum

603 2576 1075 2673 maximeque
1131 2576 1504 2646 variarum
1556 2598 1808 2646 rerum
1862 2569 2123 2646 orbem
2176 2570 2484 2646 habebit
2532 2574 2783 2673 perlu-

608 2670 1022 2755 strandum.
1117 2671 1313 2742 Nam
1364 2695 1518 2743 non
1572 2667 1814 2742 solum
1861 2670 2277 2769 repetenda
2327 2696 2577 2744 rerum
2646 2697 2786 2770 pu-

605 2764 975 2841 blicarum
1027 2792 1250 2867 quam
1301 2764 1467 2841 fieri
1515 2768 1803 2865 poterit
1853 2765 2295 2864 longissime
2356 2772 2567 2841 initia
2615 2793 2789 2866 per-

608 2863 2304 3036 issassff-fffffflgzzr‘gt'sszsffl,1⁸¹31‘2‘¹{';¹.3⁸
2323 2892 2469 3035 ἓξὲξ
2498 2890 2791 3035 0ωὲξέ

610 3058 751 3132 sub
780 3061 1105 3132 Romani
1149 3061 1441 3157 imperii
1486 2989 1758 3131 udlibra
1789 3059 2112 3131 Graecia
2154 2991 2539 3157 pagllatil'n
2567 2989 2795 3160 ¹‹lluasi

612 3153 1126 3247 delitescebat,
1176 3179 1438 3229 verum
1478 3158 1727 3247 etiam,
1794 3181 2017 3256 quum
2069 3158 2534 3230 Graecorum
2584 3159 2793 3231 natio

482 3282 485 3285 ·
610 3277 761 3324 nun
816 3257 1091 3343 uamxiu
1122 3278 1345 3325 unum
1374 3255 1483 3325 rei
1511 3250 1862 3350 publicae
1901 3279 2181 3351 corpus
2218 3252 2605 3347 coaluerit,
2659 3252 2795 3328 sed

613 3352 691 3421 in
740 3377 790 3448 p
825 3353 1101 3423 urimas
1153 3375 1452 3448 semper
1502 3351 1847 3424 civitates
1899 3350 2137 3422 divisa
2188 3348 2376 3423 alias
2440 3350 2621 3423 alibi
2682 3351 2793 3425 le-

609 3445 1625 3618 tgaess'23¹2²'t¹1¹21u¹.'⁰{0¹3¹ss'.¹132?3
1676 3444 2033 3618 2333„
2064 3444 2798 3619 'issssssss‘stgmifflssi

617 3648 693 3714 et
741 3644 1105 3732 instituta,
1158 3638 1431 3742 quibus
1482 3570 1745 3714 omneis
1795 3648 1994 3716 inter
2044 3670 2127 3717 se
2165 3571 2439 3715 Graegci
2491 3650 2794 3715 uteren-

610 3741 775 3829 tur,
835 3763 1072 3836 porro
1137 3741 1368 3811 variis
1419 3735 1812 3812 foederum
1863 3764 1952 3812 ac
2004 3743 2445 3813 societatum
2492 3743 2797 3838 generi-

609 3830 756 3906 bus
809 3834 1002 3909 aliae
1054 3862 1217 3910 cum
1271 3835 1436 3908 aliis
1488 3838 1830 3910 civitates
1878 3835 2107 3910 modo
2159 3842 2441 3910 arctius
2503 3840 2580 3910 et
2632 3836 2795 3909 diu-

612 3933 768 4005 tius
808 3930 1042 4005 *modo
1094 3931 1345 4006 laxius
1396 3933 1475 4005 et
1526 3930 1625 4005 ad
1673 3940 1969 4031 tempus
1997 3937 2481 4012 coniunctaez
2535 3933 2795 4008 harum

619 4033 946 4103 omnium
996 4055 1251 4103 rerum
1316 4027 1597 4101 nullam
1658 4028 1883 4128 plane
1946 4034 2445 4130 praetermitti
2513 4030 2795 4108 debere

617 4128 959 4225 apparet.
1036 4127 1515 4229 Quamquam
1566 4130 1858 4224 pariter
1909 4128 2002 4201 de
2034 4125 2379 4202 omnibus
2410 4127 2796 4203 enucleate

617 4232 694 4296 et
743 4225 1055 4323 copiose
1107 4223 1362 4299 dicere
1413 4220 1533 4298 vel
1603 4223 1860 4322 dispar
1924 4230 2256 4323 ipsarum
2321 4224 2654 4323 dignitas
2719 4233 2796 4299 et

614 4321 1058 4403 magnitudo
1110 4322 1226 4395 vel
1279 4324 1928 4396 monumentorum
1965 4327 2221 4397 ininua
2271 4321 2615 4396 condicio
2665 4350 2793 4394 ve-
