3067 4975
531 376 683 453 312
968 380 1052 455 V.
1102 380 1224 455 De
1269 404 1360 454 re
1395 377 1714 481 publica
1759 375 2357 453 Atheniensium.

546 562 644 631 tis
694 558 1040 657 quaterni
1092 556 1303 631 oboli
1364 556 1613 631 diurni
1663 553 2287 651 numerabantur,
2360 554 2729 656 erantque

550 664 802 728 certae
856 653 1223 756 quaedam
1274 658 1348 728 iu
1398 662 1793 755 utramque
1842 657 2207 755 pecuniae
2258 656 2721 751 assignatae,

555 765 961 852 earumque
1014 752 1580 850 dispensatores
1631 779 1690 825 s.
1739 760 1971 840 ταμίαι
2012 754 2103 843 6).
2218 748 2584 849 Sumptus
2643 753 2722 822 in

557 874 694 923 eos
756 874 1048 922 annuus
1108 847 1436 922 sedecim
1497 847 1659 922 fere
1708 846 2013 922 talentis
2064 850 2443 921 aestimari
2488 872 2720 943 posse

555 942 851 1019 videtur
879 948 962 1037 ⁷).
1079 944 1287 1019 Alias
1358 943 1454 1018 ad
1536 941 1715 1024 belli
1777 971 1993 1019 usum
2056 948 2399 1019 triremes
2460 945 2728 1040 viginti

613 1046 967 1115 uotaunis
1017 1040 1554 1116 Themistoclis
1605 1040 1923 1115 consilio
1972 1042 2471 1115 Athenienses
2520 1038 2723 1112 aedi-

558 1067 829 1212 aeasse
896 1136 1243 1213 dicuntur
1268 1141 1378 1233 ⁸),
1459 1142 1605 1239 qui·
1658 1164 2013 1213 numerus
2091 1143 2340 1212 utrum
2410 1136 2727 1236 posthae

555 1244 925 1334 perpetuo
976 1236 1323 1310 servatus
1368 1237 1469 1313 sit
1515 1261 1672 1310 non
1723 1239 2061 1330 eoustat3
2112 1234 2402 1335 aliquot
2436 1258 2730 1333 semper

563 1330 1036 1426 aedificatae,
1110 1359 1423 1434 eamque
1486 1358 1742 1406 euram
1798 1336 2094 1407 senatui
2145 1335 2727 1434 quingentorum

563 1428 1082 1503 demandatam
1147 1430 1380 1504 fuisse
1432 1456 1665 1529 supra
1716 1428 2038 1503 diximus
2065 1432 2157 1522 9).
2255 1431 2732 1502 Armamenta

566 1551 866 1626 quoque
916 1530 1207 1600 navium
1260 1525 1577 1626 publice
1614 1525 2121 1626 comparanda
2171 1528 2519 1617 erant10),
2592 1551 2726 1599 ne·

567 1648 711 1722 que
775 1628 1019 1697 minus
1082 1623 1510 1698 militarium
1576 1649 1954 1699 armorum
2022 1626 2378 1722 copiast),
2412 1709 2418 1716 Α
2454 1620 2727 1722 quibus

561 1722 1154 1814 instruerentur,
1205 1725 1271 1797 si
1321 1719 1628 1824 quando
1678 1723 2088 1818 tenuiores,
2152 1721 2281 1825 qui
2326 1722 2472 1818 ipsi
2521 1744 2732 1793 arma

565 1841 720 1890 non
770 1816 1164 1914 haberent,
1217 1823 1500 1894 armari
1548 1816 1984 1917 placuisset.

1416 2014 1482 2093 §.
1532 2001 1894 2081 LXXIII.

758 2168 899 2242 His
966 2166 1440 2268 adiungimus
1505 2195 1742 2269 opera
1798 2167 2102 2270 publiea
2165 2173 2354 2245 varii
2399 2173 2733 2268 generis,

564 2264 867 2338 navalia
894 2267 988 2361 ¹),
1040 2270 1618 2341 armamentaria
1644 2269 1738 2365 ²),
1789 2269 2245 2342 munimenta
2265 2266 2501 2362 urbiS,
2530 2294 2734 2342 moe-

565 2364 695 2433 nia
722 2364 830 2459 3),
887 2362 1286 2463 fossas.4)‚
1351 2392 1592 2466 aquas
1619 2366 1718 2465 ⁵),
1771 2369 1929 2441 vias
1958 2368 2048 2461 ⁶),
2098 2368 2463 2465 porticus,
2514 2391 2732 2469 Sym·

659 2666 664 2671 ’
713 2675 777 2743 6)
817 2685 899 2732 Ta
1000 2697 1027 2739 ς
1053 2677 1136 2749 τῆς
1162 2680 1401 2757 παράλου
1443 2681 1644 2755 populi
1679 2680 1966 2750 suffragiis
2003 2685 2225 2734 oreatus
2261 2686 2738 2735 commemoratur

567 2763 606 2799 a
649 2747 891 2803 Demost
934 2790 949 2806 .
1000 2754 1143 2808 Mid.
1191 2773 1249 2826 Ρ.
1302 2756 1424 2817 570,
1471 2772 1582 2807 neo
1631 2753 1880 2807 dubitari
1926 2759 2119 2824 potest
2163 2754 2332 2806 etiam
2377 2752 2735 2806 Salaminiae

566 2835 733 2872 suum
768 2827 964 2892 ταμίαν
997 2825 1196 2879 fuisse.
1271 2824 1365 2879 Of.
1400 2823 1660 2879 Boeekh.
1698 2844 1754 2897 Ρ.
1791 2824 1914 2879 184.
1949 2888 1952 2893 Ι

711 2926 770 2994 7)
808 2929 946 2984 vid.
981 2931 1061 2985 id.
1094 2930 1236 2986 ibid.
1273 2944 1329 2998 Ρ.
1368 2932 1492 2998 259,
1528 2932 1630 2985 ubi
1667 2934 1837 2986 etiam
1869 2930 1942 2985 de
1961 2931 2326 2995 Ammonide,
2360 2929 2736 2999 Antigonide.

567 2995 961 3065 Demetriade,
1009 3003 1398 3069 Ptolemaide,
1449 3022 1596 3076 quae
1630 3003 2044 3075 posterioribus
2080 3004 2434 3076 temporibus
2467 3001 2733 3076 publicae

567 3071 828 3126 triremes
863 3073 1090 3128 illarum
1127 3075 1342 3129 similes
1378 3075 1630 3129 fuerunt.

710 3174 777 3245 8)
811 3181 1048 3236 Diodor.
1081 3181 1190 3250 XI,
1226 3181 1318 3237 43.
1355 3180 1429 3239 ef.
1465 3179 1761 3237 Plutarch.
1801 3178 2081 3238 Themist.
2119 3201 2170 3237 ο.
2206 3183 2262 3238 4.

708 3280 774 3352 9)
813 3286 953 3358 cap.
988 3290 1025 3343 3
1062 3288 1117 3357 ς.
1153 3289 1241 3358 28,
1279 3288 1331 3344 8.
2143 3272 2146 3275 ’

705 3392 801 3454 10)
846 3395 998 3448 Nam
1043 3392 1189 3448 haee
1233 3413 1355 3448 non
1399 3413 1516 3449 sem
1562 3414 1624 3449 er
1672 3413 1707 3447 a
1753 3376 2081 3450 trion-*archis
2129 3393 2389 3467 praebita
2425 3412 2551 3448 esse
2587 3395 2726 3448 satis

570 3469 797 3516 constat
833 3483 865 3517 e
899 3464 1194 3519 Demosth.
1231 3469 1293 3520 in
1334 3466 1513 3538 Polyo
1540 3509 1555 3523 .
1597 3479 1649 3532 p.
1688 3466 1845 3532 1208,
1883 3468 1970 3522 17.
2016 3468 2170 3532 1215,
2204 3468 2258 3522 3.
2298 3468 2386 3522 18.

566 3657 603 3694 o
636 3566 808 3708 Mt113
857 3571 966 3698 ‘3352
998 3570 1322 3697 gephhma
1368 3572 1440 3627 de
1486 3572 1757 3644 Lycurgo
1806 3592 1896 3646 ap.
1939 3568 2457 3648 Pseudoplutareh.
2503 3574 2631 3627 vite.
2668 3571 2732 3626 X

604 3659 634 3693 r
721 3678 737 3698 .
809 3682 823 3698 .
1054 3679 1071 3698 .

705 3749 765 3817 1)
801 3753 892 3805 De
939 3750 1031 3805 his
1076 3750 1192 3806 vid.
1227 3751 1504 3824 Harpocr.
1554 3770 1602 3806 ε.
1647 3769 1708 3805 v-
1752 3750 1957 3825 νεώρια.
2027 3722 2176 3807 Add.
2216 3752 2392 3805 Isoer.
2426 3752 2641 3822 Areop·
2682 3767 2733 3804 ο.

563 3821 635 3876 27
672 3841 718 3876 e.
756 3842 956 3879 eomm.
995 3826 1225 3893 Bergm.
1258 3843 1315 3896 Ρ.
1353 3824 1459 3878 173
1492 3842 1576 3897 sq.
1644 3823 1862 3877 Meurs.
1900 3824 2140 3879 Fortun.
2173 3821 2310 3878 Ath.
2347 3841 2394 3877 e.
2432 3823 2484 3878 7.

705 3927 771 3999 2)
807 3929 1119 3998 Σκευοθῆκη.
1157 3929 1533 4003 Pseudoplut.
1570 3932 1700 3985 vitt.
1737 3931 1801 3984 X
1837 3936 2004 3985 oratt.
2029 3951 2088 4010 Ρ.
2110 3931 2236 4001 852,
2274 3931 2344 3986 0.
2391 3928 2609 3983 Mente.
2632 3922 2728 3979 1.l.

686 4035 764 4107 .3)
800 4037 1052 4091 Boe‘ckh.
1086 4038 1119 4091 Ι
1152 4049 1210 4104 Ρ.
1244 4036 1369 4095 219.
1471 4100 1477 4105 ,

699 4144 766 4213 4)
801 4143 1070 4198 Aeschin.
1106 4146 1169 4199 in
1207 4143 1458 4217 ctesiph.
1491 4165 1551 4218 Ρ.
1587 4145 1711 4201 425.
1745 4143 1871 4202 829.

699 4247 768 4322 5)
807 4251 1114 4308 Selmbert.
1149 4251 1223 4307 de
1267 4252 1436 4306 aedil.
1469 4270 1529 4324 Ρ.
1569 4252 1659 4309 85.

694 4354 762 4429 6)
797 4359 889 4414 Id.
926 4359 1008 4417 ib.
1040 4379 1096 4434 Ρ.
1131 4360 1220 4417 86.
1259 4358 1335 4422 οἰ.
1368 4357 1630 4421 Boeekh.
1664 4359 1697 4415 1
1729 4377 1787 4431 Ρ.
1806 4359 1926 4416 217.
