3067 4975
669 419 820 494 382
1074 417 1190 495 VI
1183 474 1203 494 .
1253 419 1372 493 De
1420 418 1804 492 institutis
1849 399 2049 494 horis
2090 380 2466 514 gentium.

668 627 1161 684 consecrasse
1228 598 1538 675 dicum-2
1657 625 1823 675 uam
1876 596 1976 674 ob
2023 627 2180 675 rem
2233 602 2453 677 etiam
2504 607 2836 701 posteris

664 696 1170 800 temporibus,
1234 724 1455 798 quum
1506 702 1616 774 Ist
1669 724 1861 771 mum
1916 697 2227 773 Ionibus
2279 704 2619 798 ereptum
2676 702 2850 775 Do·'

665 803 950 875 rieuses
1002 797 1502 893 occupassent
1547 793 2044 898 ludorumque
2111 794 2830 871 administrationem

662 901 737 970 in
801 921 884 969 se
947 895 1498 990 suscepissent,
1573 918 1874 992 semper
1948 901 2193 968 tamen
2269 892 2829 968 Atheniensium

662 992 956 1067 theoris
1021 992 1474 1088 praecipuae
1527 988 1729 1064 sedis
1782 989 2031 1063 honor
2080 1016 2127 1063 a
2179 990 2595 1065 Corinthiis
2648 1019 2829 1065 con-

660 1085 1073 1165 cedebatur
1103 1087 1230 1178 η).
1348 1084 1797 1185 Agebantur
1871 1088 2120 1162 autem
2209 1086 2523 1161 Isthmia
2595 1093 2822 1163 tertio

661 1212 959 1290 quoque
1014 1210 1241 1275 anno,
1294 1183 1818 1286 olympiadum
1862 1186 2108 1285 primo
2163 1208 2254 1259 ac
2304 1187 2575 1276 tertio,
2643 1189 2826 1261 tem·
2905 1240 2914 1248 -

655 1310 847 1385 pore
896 1279 1330 1380 aestivum).

1593 1492 1661 1574 §.
1712 1483 1857 1561 IX.

846 1618 947 1693 ni
997 1644 1259 1696 omnes
1306 1616 1485 1709 ludi,
1538 1620 1825 1693 etiamsi
1890 1642 2043 1691 non
2107 1619 2359 1693 statim
2417 1611 2517 1689 ab
2581 1616 2820 1706 initio,

648 1717 980 1791 attamen
1015 1715 1490 1817 procedente
1541 1719 1880 1815 tempore
1934 1717 2168 1789 totius
2200 1716 2568 1791 Graeciae
2612 1738 2818 1786 com-

648 1840 910 1892 munes
973 1813 1150 1888 facti
1214 1817 1524 1907 sunt¹)‚
1563 1889 1571 1898 ,
1610 1815 2068 1913 summisque
2153 1814 2479 1886 omnium
2549 1808 2816 1885 studiis

645 1910 947 2012 'publice
995 1914 1493 2013 privatimque
1557 1908 2109 2004 concelebrati,
2177 1935 2317 1984 nec
2380 1908 2543 1982 fere
2607 1909 2812 2006 quis·

648 2034 868 2109 quam
922 2009 1196 2083 Graeci
1249 2010 1570 2081 nominis
1620 2006 1974 2080 exclusus
2001 2008 2068 2101 2)
2129 2010 2273 2081 nisi
2331 2010 2650 2105 propter
2700 2003 2811 2077 sa-

645 2110 908 2179 cinora
961 2108 1092 2177 aut
1138 2108 1491 2178 violatam
1547 2101 1855 2177 deorum
1903 2101 2345 2202 religionem
2412 2102 2811 2176 festorum·

641 2226 786 2304 que
812 2198 1281 2277 sanctitatem
1306 2203 1414 2299 ³)3
1467 2226 1690 2301 quum
1715 2197 2022 2274 barbari
2048 2210 2313 2274 contra
2335 2225 2486 2274 non
2515 2196 2811 2299 quidem

530 2347 534 2350 -
643 2326 690 2372 a
740 2300 1200 2397 spectaculo,
1252 2299 1383 2373 sed
1438 2308 1681 2372 tamen
1732 2323 1779 2370 a
1828 2301 2392 2390 concertatione
2415 2301 2819 2395 sacrisque„

639 2393 1156 2471 communibus
1204 2395 1800 2495 prohiberentur
1825 2393 1921 2491 ⁴).
2034 2397 2466 2471 certamina
2526 2391 2805 2494 ubique

636 2490 768 2568 aut
818 2498 1068 2568 omnia
1116 2498 1250 2568 aut
1293 2492 1658 2596 pleraque
1705 2495 2099 2593 gymnica,
2164 2517 2470 2588 cursus,
2538 2491 2804 2585 saltus,

769 2731 862 2802 12)
901 2735 1188 2797 Hellanie.
1225 2741 1286 2791 et
1315 2734 1563 2791 Andron
1596 2754 1690 2809 ap.
1722 2731 2017 2791 Plutarch.
2057 2731 2233 2789 Thes·
2268 2753 2317 2790 ο.
2351 2736 2440 2791 25.

777 2839 873 2907 13)
913 2844 1141 2899 Gon-sin.
1178 2844 1425 2899 disset-tt.
1462 2844 1709 2911 agonist.
1744 2861 1800 2915 p.
1839 2842 1945 2898 134
1979 2858 2102 2914 sqq.

773 2946 843 3015 l)
878 2947 1249 3006 Ἑλλανοδικῶν
1278 2968 1513 3013 nomen,
1548 2966 1663 3021 quo
1699 2948 2022 3023 Olympiaci
2058 2946 2413 3002 atblotbetae
2460 2948 2680 3020 pariter¹
2714 2952 2797 3000 at-

629 3037 742 3094 que
785 3022 1005 3077 iudices
1050 3024 1327 3079 militares
1374 3025 1435 3075 in
1472 3022 1889 3104 Spartanorum
1939 3024 2341 3092 sociorumque
2389 3022 2646 3073 exercitu
2696 3037 2796 3089 ap·-

619 3091 916 3182 pellantur
963 3095 1101 3161 (vid.
1142 3095 1289 3163 infr,
1341 3114 1389 3151 ο.
1443 3096 1476 3149 7
1522 3097 1575 3164 ς.
1613 3093 1701 3160 29,
1742 3088 1873 3162 15),
1918 3093 2162 3147 inditum
2198 3090 2353 3145 haud
2403 3091 2573 3144 dubie
2621 3108 2796 3161 quum

508 3164 513 3169 ’
628 3166 871 3232 Ελλήνων
926 3169 1158 3220 nomine
1213 3167 1468 3219 nondum
1520 3182 1718 3217 omnes
1770 3167 2008 3233 Graeci,
2067 3164 2170 3217 sed
2216 3163 2329 3217 soli
2377 3165 2690 3216 Dorienses
2740 3167 2797 3214 et

623 3241 792 3307 pauci
829 3236 1076 3291 fortasse
1125 3237 1224 3291 alii
1273 3235 1729 3311 appellabantur·
1814 3236 1905 3290 Cf·
1963 3254 2116 3307 supr.
2156 3237 2224 3288 P.
2264 3235 2320 3287 ll
2357 3230 2408 3304 ἕ.
2447 3234 2498 3301 4,
2539 3235 2589 3287 7.
2674 3231 2797 3285 Sed

620 3324 789 3446 32?ss
795 3310 916 3432 “112⁰
918 3307 2049 3434 23051’3235:150232132‘2‘3231‘25
2050 3295 2794 3448 izzssffssmssssss‘sszsshissss

622 3451 1079 3504 communionem
1118 3470 1316 3509 omnes
1354 3451 1651 3522 paullatim
1688 3453 1973 3504 venirent.
2049 3450 2141 3504 cf.
2186 3449 2452 3502 Hudson.
2505 3450 2576 3501 ad
2629 3446 2791 3502 'rhu-

622 3520 750 3590 cyd.
787 3520 834 3589 1,
871 3522 925 3576 3.
1001 3523 1268 3577 Ceterum
1310 3524 1509 3575 eodem
1545 3522 1916 3577 Ἑλλανοδικῶν
1949 3524 2183 3575 nomine
2222 3524 2389 3574 etiam
2429 3521 2787 3574 Nemeorum

617 3590 842 3648 iudices
891 3593 1231 3647 dicebantur
1275 3591 1564 3663 (Boeckb.
1618 3594 1688 3647 ad
1739 3596 1913 3665 θοι-Ρ.
1955 3596 2133 3647 Inscr.
2178 3610 2274 3646 no.
2319 3594 2455 3647 1126
2493 3601 2627 3644 tom.
2663 3590 2696 3643 1
2731 3603 2785 3655 Ρ.

616 3660 813 3732 581.);
875 3665 1097 3719 scilicet
1143 3675 1445 3738 postquam
1507 3665 1650 3719 baec
1698 3683 1927 3738 quoque
1972 3667 2342 3718 Doriensium
2403 3663 2556 3717 facta
2605 3667 2787 3715 erant«

616 3734 982 3790 Isthmiorum
1023 3745 1081 3791 et
1115 3736 1456 3808 Pythion-um
1494 3735 1829 3792 athlotbetis
1865 3752 2078 3790 nomen
2112 3735 2261 3790 illud
2284 3753 2593 3809 nunqnam,
2631 3733 2786 3807 qnod

617 3809 885 3876 sciamus,
923 3809 1117 3862 datum
1157 3815 1263 3864 est.

758 3909 822 3982 2)
858 3916 1169 3984 singulare
1207 3922 1351 3980 erat,
1378 3915 1543 3989 *quod
1578 3916 1828 3968 Pausan.
1865 3915 1945 3981 V,
1982 3914 2048 3981 2,
2090 3915 2129 3970 3
2176 3912 2307 3968 coll.
2353 3911 2459 3966 vl.
2496 3910 2593 3981 16,
2631 3913 2678 3966 ἃ
2728 3917 2783 3965 et

612 3984 903 4040 Plutarch.
947 3988 1018 4040 de
1057 3987 1222 4057 Pyth.
1259 4007 1414 4044 orae.
1453 4006 1503 4042 c.
1543 3988 1613 4041 13
1648 3987 1928 4048 relerunt,
1967 3985 2143 4039 Eleos
2180 3984 2547 4039 Isthmiorum
2599 3991 2780 4037 certa·

610 4056 860 4111 minibus
911 4057 1175 4113 exclusos
1222 4060 1423 4114 fuisse.
1495 4060 1766 4114 Ceterum
1817 4057 1890 4115 ef.
1935 4057 2234 4111 Demosth.
2285 4060 2349 4111 in
2395 4059 2674 4113 Aristocr.
2720 4074 2776 4127 p.

610 4130 734 4194 633,
770 4129 824 4182 6.

752 4234 809 4300 3)
846 4235 936 4290 Cf.
978 4235 1240 4309 Thucyd.
1279 4239 1370 4306 V,
1417 4236 1489 4292 49
1526 4234 1599 4288 de
1633 4235 1937 4306 Spartanis
1982 4231 2289 4307 aliquando
2326 4226 2499 4307 Olym
2540 4234 2599 4287 ia
2647 4252 2775 4305 pro-

607 4305 804 4363 hibitis
841 4319 1079 4380 propter
1115 4310 1390 4379 violatam
1422 4311 1719 4381 ἐκεχειρίαν.
1776 4305 1913 4360 Alia
1946 4306 2063 4360 vid.
2097 4325 2183 4379 ap.
2217 4310 2423 4362 Meier.
2445 4306 2484 4361 1.
2532 4344 2547 4361 .
2578 4325 2634 4378 p.
2648 4306 2769 4360 3⁰⁰·

744 4409 941 4482 4),1)ο
977 4415 1400 4469 Macedonibus
1443 4422 1501 4468 et
1534 4415 1820 4469 Romanis
1860 4411 2123 4467 admissis
2159 4413 2276 4471 vid.
2312 4415 2518 4468 Maior.
2555 4431 2613 4485 Ρ.
2651 4411 2769 4466 299.
