3067 4975
517 353 602 406 Vl
728 366 732 370 ·
1389 321 1845 436 Praefatio}

526 541 714 618 opus
781 540 883 594 ex
910 568 915 571 -
947 516 1281 598 disiectis
1346 525 1629 622 passim
1681 537 1759 601 et
1804 524 2094 604 mutilis
2142 525 2480 625 reliquiis
2530 531 2703 625 o'pe-

523 640 698 691 rose
747 631 1196 713 congestum,
1244 642 1470 720 quam
1521 621 1721 723 quod
1770 645 1872 698 ex
1917 623 2341 700 abundanti
2389 628 2706 697 materia

524 726 949 790 construere
995 717 1230 794 licuit.
1325 722 1417 795 In
1463 720 1636 811 hoc,
1703 719 1891 821 quid
1953 740 2073 796 ars
2135 732 2214 794 et
2267 723 2708 815 symmetria

523 824 825 907 poscat,
886 814 971 885 in
1027 814 1197 901 illo,
1259 813 1444 915 quid
1494 819 1812 891 materia
1857 817 2063 893 sinat
2107 815 2520 894 videndum
2570 829 2706 893 est.

520 910 660 983 Est
713 928 939 1003 porro
1003 909 1187 983 haec
1245 913 1783 1013 antiquitatum
1830 917 2277 992 Graecarum
2340 913 2709 1002 condicio,

520 1016 610 1078 ut
659 1002 753 1079 de
801 1005 1253 1104 quibusdam
1301 1008 1519 1108 rebus
1569 1031 1724 1084 non
1775 1025 1928 1087 u‘no
1976 1011 2140 1086 loco
2187 1012 2332 1106 agi,
2377 1011 2516 1088 sed
2545 1033 2708 1086 eas-

525 1100 700 1176 dem
760 1103 1058 1200 saepius
1121 1109 1689 1180 commemorari
1751 1129 2048 1204 necesse
2093 1110 2227 1199 sit,
2339 1133 2517 1182 uum
2579 1132 2707 1181 ne·-

523 1219 676 1275 xus
748 1213 881 1272 aut
911 1201 917 1207 “
947 1203 1506 1295 perspicuitatis
1581 1207 1777 1278 ratio
1847 1205 2124 1279 iubeat.
2323 1203 2705 1281 uiusmodi

518 1296 749 1389 igitur
795 1297 1278 1392 repetitiones
1326 1322 1549 1373 nemo
1586 1298 2092 1396 reprehendet,
2141 1301 2275 1376 sed
2307 1303 2447 1374 hoc
2469 1323 2705 1375 unum

523 1391 842 1481 videbit,
893 1392 1092 1467 sitne
1141 1394 1339 1491 quod
1387 1419 1682 1497 quoque
1730 1399 1892 1471 loco
1950 1400 2289 1493 positum
2351 1411 2466 1473 est
2527 1410 2703 1493 apte

521 1503 600 1565 et
646 1491 1178 1565 convenienter
1225 1494 1582 1587 positum.
1657 1497 2003 1591 Denique
2028 1496 2111 1568 in
2143 1517 2485 1570 sermone
2510 1494 2700 1567 nulli

520 1588 757 1681 magis
821 1587 930 1659 rei
994 1608 1219 1686 quam
1281 1585 1633 1663 facilitati
1691 1604 1768 1665 et
1827 1593 2347 1687 perspicuitati
2410 1589 2698 1665 studui:
2777 1611 2784 1683 j

515 1699 957 1758 ornamenta
1007 1695 1082 1756 et
1109 1685 1466 1777 ,flosculos
1517 1689 1879 1764 orationis
1931 1687 2108 1760 libri
2144 1689 2540 1761 consilium
2571 1706 2702 1760 ex-

518 1780 888 1856 cludebat.
984 1779 1260 1856 Latine
1308 1796 1561 1858 autem
1611 1785 1874 1884 scripsi
1925 1787 2105 1885 quia
2154 1786 2383 1859 etiam
2434 1784 2530 1855 ab
2569 1805 2702 1856 ex-

521 1880 706 1954 teris
756 1880 937 1951 haec
984 1879 1132 1970 legi
1179 1878 1594 1995 cupiebam.
1674 1884 2016 1957 Externa
2059 1876 2239 1954 libri
2287 1883 2567 1978 species
2615 1891 2702 1952 ut

517 1976 926 2049 formarum
978 1977 1347 2069 elegantia
1397 1990 1472 2050 et
1520 1979 1819 2051 chartae
1854 1978 2195 2052 bonitate
2224 1977 2702 2052 commenda·-

388 2081 400 2096 “
513 2072 691 2147 bilis
752 2071 945 2145 foret
1006 2094 1055 2144 a
1115 2073 1530 2172 bibliopola
1594 2076 1978 2172 provisum
2048 2089 2195 2163 est,
2270 2095 2357 2147 ac
2432 2075 2700 2153 vellem

515 2190 961 2267 magnopere
1022 2172 1253 2243 etiam
1318 2172 1609 2270 reliqua
1669 2172 1928 2246 omnia
2005 2194 2173 2244 cum
2251 2171 2390 2243 hac
2453 2172 2701 2269 specie

517 2266 984 2343 concordare.
1095 2267 1249 2341 Sed
1305 2268 1918 2383 perincommode
1980 2267 2291 2357 accidit,
2368 2281 2455 2341 ut
2514 2288 2702 2342 non-⁴

516 2366 746 2439 nullis
797 2365 879 2435 in
927 2364 1243 2478 plagulis
1295 2367 1707 2439 litterarum
1737 2364 2023 2440 formae
2047 2387 2202 2439 non
2233 2367 2417 2440 satis
2446 2387 2701 2438 omnes

569 2463 742 2536 lane
764 2461 839 2535 et
873 2461 1226 2536 distincte
1252 2462 1459 2558 prelo
1497 2462 2119 2561 exprimerentur,
2160 2470 2235 2537 et
2261 2464 2456 2538 vitia
2483 2483 2703 2558 quae-

570 2582 693 2633 am
712 2560 829 2634 vel
843 2580 888 2630 a
902 2562 1293 2656 typotheta
1302 2561 1418 2636 vel
1437 2560 1533 2633 ab
1557 2561 1677 2648 iis,
1747 2583 2011 2635 uorum
2024 2560 2370 2633 manibus
2385 2557 2701 2634 schedae

517 2657 935 2753 descriptae
975 2670 1212 2748 erant,
1258 2656 1625 2732 studiosis
1650 2677 1697 2727 a
1756 2658 2270 2745 olescentibus‚
2318 2657 2438 2732 vel
2471 2659 2699 2731 etiam

513 2777 565 2830 a
599 2778 722 2827 me
745 2756 907 2852 ipso
949 2756 1346 2829 commissa
1369 2775 1416 2825 a
1449 2767 1860 2828 correctore
1886 2754 1984 2828 ob
2006 2755 2438 2851 typothetae
2460 2752 2701 2828 socor2
2746 2811 2764 2832 ,.

465 2877 471 2882 ·
514 2852 721 2925 diam
738 2852 1011 2923 frustra
1036 2852 1491 2924 tollerentur.
1569 2849 2037 2950 Quamquam
2063 2853 2410 2950 pleraque
2435 2852 2701 2924 horum

513 2949 725 3025 levia.
743 2960 919 3023 sunt
946 2949 1372 3046 nulliusque
1393 2949 1782 3035 momenti,
1820 2974 1881 3024 e.
1903 2974 1961 3021 c.
1978 2977 2032 3022 n
2054 2950 2447 3046 aliquoties
2482 2971 2614 3045 pro
2642 2973 2699 3019 u

511 3046 865 3146 positum,
892 3070 934 3117 e
957 3069 1090 3144 pro
1111 3073 1174 3134 c,
1201 3057 1334 3118 aut
1344 3057 1687 3118 accentus
1713 3065 1982 3138 vocum
1999 3064 2423 3139 graecarum
2441 3041 2702 3117 omissi

510 3156 670 3259 aut·
691 3162 1078 3243 perperam
1130 3144 1413 3229 notati,
1474 3153 1609 3214 aut
1673 3142 2047 3216 vocabula
2075 3140 2475 3239 «quaedam
2545 3161 2700 3213 non
2758 3179 2770 3209 ι

509 3262 676 3340 pan
738 3240 1016 3335 ubique
1094 3239 1388 3313 ratione
1455 3238 1766 3333 scripta,
1835 3239 2043 3312 velut
2120 3235 2550 3311 condicio
2628 3247 2707 3330 et

507 3336 978 3424 conditio,
1058 3332 1672 3436 pulchritudo
1744 3347 1820 3408 et
1892 3333 2483 3432 pulcritudo,
2558 3331 2774 3406 res'‘

441 3448 445 3457 '
504 3434 895 3535 publica
946 3445 1020 3506 et
1069 3431 1631 3531 res-publica,
1681 3433 1980 3530 aliaque
2032 3431 2364 3506 eiusdem
2414 3431 2703 3526 generis

389 3540 391 3547 “
502 3554 695 3704 guae
742 3551 1175 3604 enumerare
1224 3527 1579 3626 putidum
1624 3528 1745 3603 sit.
1844 3532 2256 3618 Graviora,
2305 3550 2495 3627 quae
2541 3527 2705 3625 qui·
2778 3602 2782 3605 ,

563 3652 678 3702 em
730 3625 1434 3715 animadverterim,
1507 3627 1765 3698 omnia
1813 3627 1894 3698 in
1946 3629 2096 3700 fine
2141 3626 2318 3699 libri
2365 3623 2705 3698 indicavi

504 3738 581 3801 et
630 3726 950 3800 correxi.
1050 3723 1395 3799 Ceterum
1446 3724 1566 3797 his
1617 3736 1839 3821 atque
1893 3723 2168 3796 talibus
2217 3723 2437 3820 aequi
2477 3723 2703 3795 lecto·-

503 3848 622 3899 res
673 3823 894 3896 facile
943 3821 1359 3914 ignoscent:
1409 3822 1605 3894 liber
1650 3820 1813 3988 ipse
1845 3820 1915 3894 si
1954 3818 2540 3913 intelligentibus
2573 3819 2703 3890 ha-

505 3943 674 3994 rum
726 3941 969 3992 rerum
1018 3916 1395 3992 iudicibus
1446 3915 1679 4017 proba

508 4137 655 4209 que
692 4135 1030 4185 amorem
1097 4113 1181 4183 in
1241 4110 1797 4208 adolescentum
1867 4110 2143 4183 animis
2195 4108 2544 4181 alendum
2595 4108 2705 4178 fa-

508 4233 674 4284 cere
702 4232 919 4308 posse
950 4206 1391 4296 censebitur,
1433 4227 1697 4305 operae
1721 4208 2045 4305 pretium
2084 4207 2345 4281 fecisse
2368 4203 2702 4279 videbor.

653 4306 889 4382 Scrib.
941 4306 1027 4378 in
1075 4303 1571 4378 universitate
1618 4308 2035 4383 Pomerana
2095 4324 2164 4376 a.
2216 4299 2288 4378 d.
2334 4302 2493 4378 XV.
2545 4300 2705 4376 Cal.

505 4405 701 4485 Nov.
747 4425 923 4479 ann.
969 4398 1687 4525 MDCCCXXXVH.

1735 3917 1884 3988 itur
1931 3933 2007 3990 et
2053 3913 2341 4015 aliquid
2385 3927 2578 3989 certe
2601 3909 2704 3986 ad
2744 3936 2749 3943 ·

508 4019 1006 4111 cognitionem
1023 4018 1349 4089 Graecae
1381 4014 1858 4110 antiquitatis
1884 4011 2471 4110 promovendam
2511 4012 2723 4084 eius-.
