3067 4975
531 369 681 445 294
936 372 1017 448 V.
1071 373 1191 450 De
1239 397 1328 449 re
1363 370 1681 477 publica
1727 371 2322 446 Atheniensium.

538 552 1060 630 condemnatis
1124 581 1484 629 summum
1550 553 1990 655 supplicium
2041 556 2320 653 imponi
2369 579 2523 629 non
2572 583 2713 656 po.

538 656 777 727 tuisse
828 649 1145 732 videtur.
1241 654 1505 754 Itaque
1558 656 1624 727 si
1692 655 1857 752 quis
1920 650 2248 743 caedem,
2300 657 2571 753 quami
2630 681 2713 730 se

543 755 677 823 aut
740 748 1320 824 involuntariam
1382 758 1511 823 aut
1579 753 1796 823 etiam
1847 750 2119 822 iustam
2170 747 2403 822 fuisse
2454 681 2713 824 defga-

544 845 799 942 deret,
876 845 1222 919 consulto
1287 874 1376 921 ae
1436 846 1725 922 nefarie
1793 850 2280 943 perpetrasse
2346 845 2718 924 iudicatus

541 946 731 1037 erat,
780 949 865 1018 is·
898 944 1125 1018 exilio
1177 947 1461 1018 tantum
1513 949 1615 1019 et·
1644 939 2007 1015 bonorum
2040 940 2554 1041 publicatione
2580 973 2719 1046 pu-

541 1038 1031 1134 niebaturss).
1114 1046 1524 1123 Βουλεύσεως
1570 1066 1818 1141 poena
1867 1037 2124 1112 eadem
2163 1039 2305 1113 suit
2332 1040 2453 1136 ¹9).
2487 1082 2584 1100 ·-
2630 1044 2719 1116 In

543 1136 940 1232 Phreatto,
994 1142 1116 1236 qui
1166 1138 1378 1215 locus
1405 1142 1481 1211 in
1510 1140 1835 1212 Piraeeo
1889 1139 2188 1229 erat20),
2242 1136 2723 1238 ‚epb'etaeiu-

546 1231 942 1329 dicabant,
1008 1239 1072 1309 si
1125 1240 1330 1335 quis,
1406 1240 1532 1336 qui
1580 1241 1894 1334 propter
1945 1234 2249 1307 caedem
2299 1234 2725 1310 involunta-

441 1421 453 1428 “
540 1335 731 1406 riam
781 1335 1031 1451 patria
1078 1339 1440 1425 cesserat,
1511 1334 1685 1406 ante
1736 1329 2053 1404 reditum
2104 1336 2723 1502 imtpetratamque

548 1453 596 1501 a
641 1456 783 1530 pro
840 1455 912 1501 nn
972 1434 1085 1504 uis
1150 1433 1381 1502 occisi
1444 1432 1738 1503 veniam
1804 1426 1994 1500 alius
2046 1454 2178 1501 cae
2233 1432 2338 1523 is,
2414 1434 2723 1531 eiusque

552 1552 790 1600 consu
818 1534 896 1599 to
919 1455 1234 1617 laetae,
1299 1532 1785 1600 accusaretur
1810 1525 1931 1617 ²¹).
2032 1526 2198 1600 Hoc
2248 1552 2493 1625 genus
2544 1554 2722 1601 cau·
2813 1589 2819 1595 .

548 1649 802 1698 sarum
869 1622 1100 1723 longe
1156 1627 1620 1702 rarissimum
1691 1623 1927 1695 fuisse
1978 1626 2316 1721 apparet.
2431 1623 2591 1699 Sed
2654 1626 2724 1698 si

599 1718 871 1795 uando=
902 1721 1294 1814 incideret,
1359 1729 1444 1793 ut
1493 1721 1762 1839 aliquis
1812 1717 1961 1792 tale
2010 1719 2361 1795 iudicium
2412 1720 2724 1814 subiret,

549 1747 774 1911 fiune,
849 1844 1072 1919 quum
1125 1816 1427 1917 ingredi
1475 1822 1802 1891 Atticam
1852 1813 2068 1889 nefas
2117 1823 2358 1912 esset,
2424 1822 2724 1918 navigio

552 1943 646 2015 ap
705 1914 932 1990 ellere
1008 1914 1419 2015 oportebat
1498 1913 1592 1988 ad
1660 1913 1905 1986 locum
1965 1911 2173 1987 illum
2233 1918 2309 1987 in
2373 1916 2723 2012 Piraeeo,

552 2039 637 2086 se
740 2014 848 2086 ita
895 2015 982 2084 ut
1031 2039 1272 2114 neque
1325 2010 1819 2085 descenderet
1866 2014 2250 2083 interram
2282 2039 2525 2113 neque
2556 2039 2728 2086 sca-

552 2108 675 2182 lae
727 2118 855 2182 aut
904 2108 1280 2184 anchorae
1329 2112 1783 2199 iacerentur,
1833 2106 2074 2181 audiri
2114 2113 2357 2182 tamen
2387 2114 2541 2185 eius
2576 2135 2729 2182 vox

555 2231 603 2279 a
650 2204 1020 2280 iudicibus
1084 2211 1160 2280 in
1212 2205 1467 2279 littore
1518 2202 1957 2295 sedentibus
2008 2204 2394 2281 commode
2442 2208 2729 2306 posset.

557 2306 891 2402 Cognita
939 2329 1168 2377 causa
1217 2306 1285 2376 si
1334 2301 1886 2395 absolveretur,
1937 2300 2119 2374 nihil
2170 2306 2314 2376 nisi
2346 2306 2730 2388 reverten-

558 2398 731 2473 dum
795 2400 960 2474 erat
1029 2405 1106 2475 in
1169 2402 1705 2500 temporarium
1775 2397 1954 2472 illud
2019 2404 2337 2498 propter
2396 2404 2730 2500 priorem

558 2498 864 2572 caedem
918 2499 1260 2594 exilium3
1326 2503 1389 2572 si
1443 2496 2096 2590 condemnaretur,
2147 2497 2547 2596 legitimam
2602 2524 2732 2570 vo-

559 2593 930 2670 luntariae
998 2596 1251 2670 caedis
1314 2620 1637 2694 poenam
1690 2591 2016 2667 subibat.
2066 2641 2164 2652 -
2238 2596 2583 2696 Denique
2635 2593 2729 2668 ad

556 2691 1020 2790 Prytaneum
1099 2719 1253 2766 non
1327 2699 1480 2765 tam
1558 2717 1739 2764 vera
1804 2689 2080 2764 iudicia
2152 2717 2371 2795 quam
2441 2694 2735 2792 species

564 2788 927 2888 quaedam
995 2790 1249 2863 iudicii
1312 2788 1501 2862 dicis
1551 2814 1638 2860 ac
1686 2787 2079 2886 religionis
2131 2816 2359 2862 causa
2407 2814 2734 2889 perage-

445 2947 447 2950 <
565 2883 861 2961 bantur.
968 2888 1322 2963 ‘Primum
1373 2889 1567 2961 enim
1616 2887 1683 2958 si
1731 2888 2220 2984 ignoraretur
2266 2884 2735 2980 interfector,

714 3181 810 3252 18)
855 3184 948 3238 Ex
983 3184 1094 3238 hoc
1136 3202 1350 3259 genere
1389 3192 1477 3237 est
1511 3201 1683 3236 causa
1718 3170 1973 3251 Lysiaca‘
2001 3180 2072 3235 de
2108 3177 2283 3234 caede
2319 3176 2737 3233 Eratosthenis.

567 3254 740 3308 Hunc
787 3256 1101 3310 adversarii
1148 3256 1493 3310 accusabant
1528 3257 1795 3307 iniustam
1834 3254 2064 3306 caedem
2103 3259 2478 3324 perpetrasse,
2526 3253 2736 3321 quippe

575 3344 748 3398 quum
790 3327 1109 3381 adulterum
1147 3347 1267 3381 non
1306 3346 1375 3381 eo
1412 3326 1603 3394 modo,
1642 3344 1806 3397 quem
1832 3324 1929 3378 lex
1947 3323 2387 3398 praescribebat,
2422 3323 2738 3375 interemis-

536 3402 685 3460 'set,
740 3399 842 3451 sed
886 3401 1160 3453 insidiose
1205 3399 1461 3453 illectum
1509 3398 1920 3469 abreptumque
1974 3400 2033 3450 in
2070 3397 2296 3449 domum
2338 3413 2497 3447 suam
2536 3392 2738 3446 confu-

569 3473 935 3544 gientemque
973 3472 1042 3523 ad
1084 3490 1237 3523 aram
1278 3471 1640 3524 trucidasset.
1714 3470 1849 3522 vid.
1888 3490 1942 3543 p.
1981 3469 2053 3523 29
2078 3476 2134 3522 et
2159 3471 2246 3521 42.
2309 3469 2562 3520 Poenam
2598 3483 2739 3516 vero

573 3560 742 3614 quam
781 3551 998 3595 metuat
1046 3543 1299 3595 ostendit
1332 3562 1387 3612 p.
1424 3544 1523 3596 ab:
1583 3539 1700 3613 περὶ
1743 3541 1828 3594 τοῦ
1868 3541 2103 3611 σώματος
2145 3536 2292 3607 (non
2337 3557 2394 3592 π.
2417 3538 2509 3606 ’τῆς
2541 3535 2733 3608 ψυχῆς)

571 3612 666 3669 καὶ
698 3615 815 3690 περὶ
839 3615 1130 3686 χρημάτων
1162 3613 1256 3667 καὶ
1288 3613 1406 3688 περὶ
1435 3614 1536 3667 τῶν
1568 3611 1736 3667 ἄλλων
1770 3612 2015 3666 ἁπάντων
2047 3611 2333 3665 κινδυνεύω.

713 3739 804 3804 19)
840 3740 970 3793 Huc
1006 3741 1256 3812 pertinet
1293 3757 1466 3793 causa
1486 3736 1880 3809 Antiphontea
1918 3735 1987 3788 de
2016 3735 2191 3787 caede
2212 3734 2519 3789 saltatoris.
2577 3737 2743 3789 Reus

571 3810 869 3879 βουλεύσεως
902 3819 1199 3864 accusatus
1237 3818 1360 3863 erat
1400 3808 1484 3875 (v.
1518 3828 1574 3881 p.
1612 3810 1733 3863 772.
1774 3807 1848 3861 cf.
1885 3805 2283 3861 Forchbamm.
2326 3806 2396 3859 de
2431 3810 2647 3880 Areop.
2684 3826 2745 3878 p.

573 3878 705 3952 29);
743 3902 985 3964 poenam
1027 3885 1234 3937 metuit
1270 3882 1505 3935 exilium
1544 3885 1601 3934 et
1635 3882 1838 3952 ζημίαν,
1877 3899 1931 3951 p.
1972 3879 2091 3933 762.
2133 3879 2256 3932 764.
2295 3878 2421 3932 765.

714 4007 816 4073 20)
853 4007 930 4061 Et
964 4009 1193 4081 quidem
1225 4010 1282 4062 ἔν
1314 4010 1441 4080 Ζὲςι,
1475 4005 1632 4060 unde
1670 4009 1838 4059 etiam
1873 4001 1927 4060 τὸ
1959 4004 2016 4057 ἐν
2046 4007 2157 4075 Ζὲᾳ
2190 4001 2509 4074 δικαστήριον
2535 4002 2743 4055 dicitur

574 4075 713 4130 Lex.
753 4080 993 4148 Seguer.
1030 4100 1081 4151 p.
1117 4082 1241 4147 311,
1280 4079 1381 4133 172
1419 4097 1759 4151 quamquam
1796 4094 2091 4150 perperam
2130 4075 2210 4128 ibi
2249 4081 2516 4149 tanquam
2556 4074 2742 4126 diver-

575 4166 699 4202 sum
739 4169 773 4203 a
806 4150 1081 4206 Phreatto
1117 4159 1609 4205 commemoratur.
1682 4152 1772 4205 De
1814 4152 1932 4203 Zea
1968 4146 2041 4201 cf.
2078 4145 2274 4200 Leake
2308 4166 2365 4218 p.
2399 4146 2507 4202 340
2535 4150 2594 4199 et
2615 4145 2748 4200 467.

644 4330 645 4333 ¹
733 4259 827 4326 21)
864 4260 1003 4314 vid.
1039 4259 1187 4317 loco.
1225 4279 1313 4332 ap.
1352 4257 1559 4315 Matth.
1596 4277 1653 4332 p.
1688 4256 1811 4313 155.
1878 4257 2051 4312 Petit.
2085 4273 2143 4327 p.
2180 4254 2305 4314 62⁰.

717 4366 821 4438 22)
856 4369 1099 4422 Aristot.
1135 4366 1308 4421 Polit.
1347 4366 1459 4435 IV,
1495 4365 1583 4431 13,
1618 4365 1674 4420 2.
