3067 4975
833 364 905 439 2.
955 368 1076 440 De
1111 366 1401 468 populi
1439 365 1956 443 decisionibus.
2327 367 2494 445 207

303 546 610 642 suerunt
658 546 1059 651 reliquisse
1085 543 1381 624 videtur
1409 548 1498 641 ¹),
1548 544 1922 648 religione
1948 551 2291 625 nimirum
2317 565 2493 650 per-

305 651 596 740 motus,
675 671 773 721 ne
838 670 1063 722 sacra
1124 646 1638 721 vetustissima
1699 648 1834 720 aut
1896 649 2298 722 interirent
2363 648 2498 720 aut

301 744 885 818 temen-arentur.
984 742 1175 815 Erat
1222 744 1459 840 igitur
1509 740 1773 816 barum
1828 740 2241 843 descriptio
2280 772 2327 816 a
2360 744 2491 818 de-

302 866 468 914 cem
529 836 882 914 tribubus
946 864 1355 938 earumque
1422 836 1660 914 demis
1720 837 1945 938 plane
2009 843 2353 914 seiuncta
2418 840 2498 917 et

305 935 669 1027 discreta,
733 943 818 1009 ut
883 938 1008 1039 qui
1068 933 1400 1034 gentiles
1464 940 1666 1009 inter
1731 963 1817 1010 se
1882 936 2205 1038 ideoque
2271 941 2496 1013 etiam

301 1034 710 1134 phratores
761 1040 1056 1126 essent,
1125 1029 1448 1107 tribuum
1515 1037 1765 1108 tamen
1819 1042 1892 1108 et
1944 1034 2330 1108 demorum
2383 1032 2495 1109 di-

302 1153 693 1205 versarum
745 1156 915 1204 esse
962 1136 1284 1228 possent
1309 1131 1393 1226 ²).
1492 1133 1742 1230 Atque
1794 1156 2018 1231 quum
2059 1156 2322 1206 omnes
2348 1135 2496 1206 uti-

305 1254 451 1330 que
502 1231 729 1321 cives,
780 1226 1311 1325 adscripticios
1359 1252 1512 1301 non
1562 1231 1809 1301 minus
1840 1252 2062 1329 quam
2094 1233 2496 1327 ingenuos,

299 1328 373 1399 in
401 1351 552 1398 una
579 1323 833 1426 aliqua
859 1320 1066 1397 tribu
1098 1319 1469 1424 demoque
1505 1327 1801 1399 censeri
1833 1328 2254 1424 oporteret,
2301 1351 2494 1424 gen-

304 1422 509 1496 tibus
574 1426 720 1520 ipsi
749 1418 1262 1518 &adscripticii
1338 1446 1759 1522 nunquam,
1840 1421 2496 1522 adscripticiorum

302 1522 594 1619 posteri
644 1522 775 1591 vix
824 1522 1490 1617 unquam-recepti
1523 1517 1995 1614 videntur-²³),
2046 1545 2493 1621 quamquam

301 1624 375 1690 in
403 1615 784 1716 phratrias
811 1610 1400 1688 admittebantur
1424 1622 1558 1688 aut
1574 1615 1836 1713 populi
1860 1613 2232 1691 beneficio
2259 1617 2322 1704 ⁴)
2363 1620 2497 1691 aut

304 1718 809 1810 ingenuorum
861 1716 1125 1784 civium
1155 1709 1694 1810 adoptionibus
1722 1713 1813 1804 ⁵).
1893 1718 2245 1788 Ceterum
2266 1713 2497 1812 phra-

306 1814 621 1883 {riarum
690 1834 911 1906 omne
974 1810 1434 1899 institutum,
1502 1835 1726 1909 quum
1791 1814 1969 1884 ante
2036 1809 2498 1885 Clisthenem

308 1913 529 1982 etiam
585 1906 680 1986 ad
731 1909 845 1979 rei
896 1902 1248 2003 publicae
1314 1904 2034 1981 administrationem
2098 1911 2499 2007 pertinuis-

312 2008 455 2099 set,
513 2006 692 2103 post
730 2001 928 2076 hunc
969 2026 1123 2075 non
1170 1999 1333 2077 sere
1371 2007 1517 2079 nisi
1562 2002 1659 2077 ad
1688 2028 1912 2078 sacra
1936 2013 2014 2079 et
2053 2003 2150 2080 ad
2198 2009 2500 2105 privata

451 2189 515 2262 1)
557 2195 652 2247 De
685 2190 958 2263 gentibus
993 2210 1212 2261 omnes,
1251 2192 1406 2265 qnod
1445 2196 1644 2263 sciam,
1682 2197 2075 2262 consentiunt,
2123 2192 2194 2247 de
2231 2190 2499 2267 plu-atriis

314 2282 438 2318 non
477 2266 632 2317 item.
706 2267 1071 2337 Quamquam
1108 2265 1442 2320 Aristotelis
1478 2267 1549 2319 ad
1592 2285 1759 2337 quem
1808 2274 2133 2337 provocant
2180 2265 2344 2319 locus
2380 2266 2498 2318 Po·

307 2335 396 2390 lit.
434 2337 541 2403 VI,
577 2338 639 2404 2,
691 2337 758 2391 ll
811 2336 883 2390 de
923 2338 1138 2390 Atticis
1189 2337 1418 2409 quidem
1458 2337 1727 2410 phu-atriis
1764 2336 1907 2390 nibil
1944 2337 2166 2411 probat,
2216 2343 2275 2392 et
2308 2355 2500 2405 gram-

314 2410 655 2461 maticorum
703 2409 1092 2477 quorundam,
1152 2412 1249 2481 qui
1298 2408 1372 2462 de
1416 2411 1669 2464 tribuum
1721 2408 2184 2464 Clisthenem-um
2231 2408 2498 2481 phratriis

313 2479 652 2552 loquuntur,
703 2478 865 2533 nulla
902 2475 993 2535 est
1028 2482 1364 2535 auctoritas.
1438 2481 1777 2543 Planctus,
1827 2483 1925 2552 qui
1981 2500 2164 2536 novas
2214 2479 2499 2554 plu-atrias

309 2553 497 2608 factas
539 2570 666 2642 ess-e
700 2551 846 2620 vult,
882 2560 1086 2623 gentes
1125 2562 1315 2641 sptem
1352 2562 1594 2607 veteres
1630 2552 1892 2619 relictas,
1930 2553 2134 2642 §.ymb-
2174 2573 2225 2626 p.
2262 2554 2395 2643 68--
2411 2548 2500 2622 77,

309 2629 1130 2768 2¹31¹ss¹1253⁰¹it2¹2¹33102m332¹21
1165 2632 1318 2748 '1¹:22‘
1351 2632 1703 2751 ffiss‘iw‘ii.
1710 2622 2030 2750 ..l'ffissiffii
2061 2642 2508 2751 5⁰32⁶32¹52

306 2776 550 2821 stratum
593 2775 683 2820 est
717 2766 790 2820 ad
826 2769 975 2821 Isae.
1011 2787 1069 2840 Ρ.
1103 2767 1213 2822 363
1251 2776 1309 2821 et
1346 2786 1382 2822 a
1413 2770 1643 2825 Μαῖα-ο
1681 2767 1752 2822 de
1787 2775 1946 2839 gent.
1982 2770 2108 2826 Att.
2140 2788 2200 2842 Ρ.
2236 2769 2325 2825 2⁰.
2400 2766 2497 2825 Cf.

311 2846 372 2894 et
404 2836 814 2893 wantum-ath.
846 2840 895 2908 1,
933 2838 961 2893 1
999 2858 1059 2911 Ρ.
1095 2840 1222 2898 270.

453 2941 520 3018 2)
557 2945 698 2999 vid.
736 2947 926 3001 Meier
959 2943 998 3000 l.
1032 2944 1076 3002 l.
1112 2968 1172 3021 Ρ.
1208 2948 1301 3004 35.

452 3048 520 3123 3)
559 3050 647 3106 cf.
694 3052 954 3108 Platner.
1002 3073 1061 3125 Ρ.
1107 3055 1196 3110 68.
1265 3054 1422 3109 Hinc
1471 3057 1644 3110 etiam
1689 3053 1835 3110 illud
1886 3052 2305 3128 explicandum,
2342 3050 2500 3175 quod

309 3122 405 3178 1²1.
458 3125 793 3178 observavit
849 3144 906 3197 Ρ.
960 3127 1049 3192 72,
1096 3129 1448 3181 rarissimam
1499 3146 1532 3179 a
1576 3127 1652 3181 ud
1714 3133 1973 3181 oratores
2024 3145 2148 3180 esse
2195 3125 2354 3195 genti
2382 3127 2499 3176 ium

308 3198 680 3260 mentionem,
718 3214 889 3268 quum
930 3204 1123 3251 tamen
1160 3197 1464 3271 phratores
1499 3219 1536 3271 Ρ
1567 3201 1764 3252 urimis
1782 3198 1928 3253 locis
1954 3203 2499 3252 commemorenturz

310 3283 501 3339 neque
541 3273 830 3320 assentior
868 3270 1093 3322 Meiero
1133 3290 1189 3342 Ρ.
1227 3272 1299 3324 20
1335 3289 1456 3325 rem
1496 3269 1667 3324 aliter
1697 3270 2027 3343 explicanti.
2101 3270 2242 3324 Non
2284 3283 2499 3339 paucos

311 3338 652 3408 gentilitatis
706 3348 970 3411 expertes
1019 3341 1202 3394 fuisse
1249 3343 1420 3395 etiam
1478 3360 1553 3396 ex
1612 3341 1910 3412 Hesychio
1959 3361 2007 3396 s.
2058 3360 2116 3394 v.
2162 3340 2506 3413 ἀτριάκαστυς

309 3409 511 3479 colligi
549 3417 765 3481 potest,
819 3411 892 3463 de
930 3412 1085 3483 quod
1124 3412 1238 3466 vid.
1276 3414 1483 3467 Meier.
1520 3434 1577 3486 p.
1617 3416 1705 3468 21.
1765 3414 1940 3479 Quod
1982 3419 2172 3466 autem
2210 3413 2295 3465 Μ.
2331 3431 2389 3483 Ρ.
2427 3410 2500 3464 28

311 3482 803 3553 adscripticios-um
863 3481 1077 3536 liberos
1134 3484 1407 3553 gentibus
1467 3496 1735 3557 receptos
1794 3485 1925 3538 vult
1980 3491 2287 3556 propterea
2381 3479 2501 3533 uod

310 3561 548 3608 auctore
585 3561 727 3606 orat.
766 3556 827 3605 in
863 3555 1077 3607 Neaer.
1112 3575 1168 3626 Ρ.
1195 3557 1353 3622 1376,
1393 3557 1482 3610 16.
1524 3559 1682 3623 1381,
1719 3558 1787 3611 21
1837 3555 1930 3610 bis
1968 3558 2137 3609 etiam
2176 3572 2339 3608 sacer
2381 3554 2501 3605 otia

313 3643 520 3696 capere
559 3633 616 3678 et
649 3626 850 3678 τελετῶν
883 3627 941 3678 ἐκ
973 3631 1153 3698 γένους
1183 3629 1491 3698 participes
1529 3630 1654 3681 fieri
1696 3628 1950 3694 licuerit,
1986 3625 2133 3680 nihil
2173 3625 2326 3693 eliud
2364 3623 2500 3676 hinc

348 3695 540 3750 robari
560 3705 767 3768 potest,
807 3716 973 3767 quam
1012 3700 1360 3769 potuisse
1400 3698 1823 3753 Plataeensium
1860 3698 2077 3753 liberos
2116 3695 2218 3764 (de
2236 3695 2325 3749 bis
2345 3697 2499 3748 enim

306 3716 567 3839 l‘oquitur
603 3764 720 3837 or.)
757 3769 1027 3835 gentibus
1063 3771 1627 3844 recipiz'recipiendi
1652 3774 2053 3825 necessitatem
2088 3769 2359 3839 gentibus
2391 3769 2499 3821 im·

307 3843 552 3913 positam
591 3830 711 3891 non
749 3839 941 3892 credo.
1865 3876 1868 3879 -

451 3911 509 3976 4)
544 3912 732 3963 Huius
771 3912 855 3962 rei
895 3910 1217 3982 exemplum
1259 3919 1347 3966 est
1381 3913 1441 3965 in
1476 3912 1782 3985 psephism.
1823 3913 1897 3968 de
1929 3912 2298 3966 Audoleonte
2323 3908 2497 3980 (nnl-

309 3980 492 4035 letino
533 3983 590 4035 di
628 3982 995 4052 corrispond.
1036 3981 1285 4037 archeol.
1322 3984 1479 4039 1833.
1516 4003 1610 4039 no.
1647 3986 1741 4038 xl
1774 4004 1831 4055 Ρ.
1872 3986 1993 4041 153.
2030 3987 2190 4039 Diar.
2216 3983 2326 4038 litt·
2358 3980 2495 4037 11⁸1.

307 4054 452 4110 1814
501 4052 754 4122 Intellig.
800 4070 897 4106 no.
939 4054 1031 4108 31.
1078 4055 1280 4109 Meier.
1332 4055 1406 4109 de
1454 4063 1612 4126 gent.
1656 4059 1780 4109 Att.
1828 4075 1885 4128 Ρ.
1937 4054 2078 4120 15.)ε
2122 4058 2310 4121 ἐξεῖναι
2360 4053 2500 4127 coit&

306 4126 634 4201 γράψασθαι
666 4124 824 4196 φυλῆς
852 4121 950 4178 καὶ
986 4123 1152 4197 δῆμον
1171 4125 1266 4179 καὶ
1297 4131 1628 4202 φρατρίας
1657 4117 1714 4193 Ze
1744 4125 1817 4181 ἄν
1844 4127 2093 4198 βούληται.

446 4229 508 4298 5)
543 4231 686 4286 'Vid-
723 4229 978 4286 Platner.
1011 4251 1071 4303 p,
1111 4232 1305 4287 128-
1329 4233 1449 4289 131.
1487 4235 1761 4287 Fortasse
1798 4239 1989 4287 tamen
2026 4232 2300 4305 phratriis
2323 4234 2495 4285 etiam

305 4300 525 4374 absque
563 4303 970 4374 adoptionibus
1009 4310 1109 4357 aut
1143 4303 1345 4376 populi
1380 4307 1529 4359 scito
1568 4304 1732 4358 licuit
1768 4305 2163 4380 adscripticios
2198 4306 2250 4359 si
2271 4301 2495 4358 vellent

304 4377 581 4448 recipere,
618 4392 766 4449 quae
800 4375 1010 4429 Meieri
1045 4378 1336 4430 sententia
1372 4385 1461 4431 est
1494 4396 1553 4450 Ρ.
1593 4376 1681 4432 15.
1755 4380 1766 4383 ”
