3067 4975
710 377 796 454 .7.
844 377 964 453 De
1011 372 1449 448 oeconomio
1494 373 2028 476 reipublicae.
2325 379 2476 455 303

307 558 558 633 autem
607 553 781 631 illae
829 583 958 632 res
1008 581 1200 657 quae
1249 558 1615 655 pecuniae
1640 559 1939 634 nomine
1983 559 2477 662 comprehen-

312 653 615 746 duntur,
668 658 976 754 eiusque
1027 651 1583 754 comparandae
1633 657 1711 728 et
1749 654 1863 729 dis
1919 659 2299 733 ensandae
2346 686 2475 735 ra-

304 754 589 826 tionem
653 754 1169 825 oeconomiam
1235 749 1724 850 appellamus.
1895 752 2273 829 ersahitur
2342 783 2476 832 au-

307 849 457 922 tem
535 854 799 922 nostra
873 873 1075 922 nunc
1153 851 1493 949 quaestio
1568 851 1642 921 in
1711 846 2005 924 duabus
2068 856 2474 952 praecipue

305 947 688 1044 partibus:
764 948 1079 1045 primum
1158 946 1245 1017 ut
1299 941 1681 1018 videamus
1695 981 1724 1035 ,·
1780 973 2150 1045 quaenam
2197 948 2481 1026 sinerint

307 1040 872 1116 Atheniensium
937 1045 1050 1116 rei
1111 1038 1463 1140 publicae
1534 1044 2071 1137 necessitates,
2142 1049 2215 1119 in
2284 1073 2474 1148 quas

360 1142 697 1213 ecuniam
756 1141 1026 1234 insumi
1076 1143 1487 1236 oporteret,
1554 1135 1824 1214 deinde
1857 1138 2119 1241 quales
2158 1143 2237 1218 et
2273 1144 2477 1221 unde

302 1164 589 1310 fuerint
703 1240 1128 1310 ecuniarum
1196 1231 1522 1309 reditus:
1589 1261 1765 1309 nam
1825 1235 1920 1311 de
1971 1237 2477 1316 moderando·
2559 1247 2562 1252 '

305 1359 472 1408 rum
521 1358 605 1407 re
660 1336 891 1406 ituum
944 1346 1021 1407 et
1070 1333 1493 1430 sumptuum
1530 1336 1926 1432 'potestate
2009 1340 2476 1412 ecnniarum-
2538 1405 2543 1410 .

309 1453 454 1531 que
514 1427 1152 1528 colligendarum,
1222 1427 1883 1503 custodiendarum
1986 1435 2478 1531 ispensanda-

305 1552 621 1628 rumque
673 1553 858 1600 cura
906 1529 1103 1604 satis,
1142 1529 1292 1600 iam
1343 1522 1576 1625 supra
1627 1526 1901 1603 dictum
1952 1556 2123 1605 esse
2150 1530 2474 1628 videtur,

309 1648 535 1725 quum
600 1622 692 1699 de
758 1635 1053 1718 senatu,
1104 1623 1450 1719 comitiis,
1502 1624 2076 1724 magistratibus
2126 1626 2474 1729 loquere-

302 1746 494 1802 mur.
559 1753 565 1760 ¹
2245 1775 2282 1798 ‚-

499 1820 834 1892 Necesse
911 1818 1030 1891 est
1092 1823 1374 1911 autem,
1448 1843 1675 1919 quum
1738 1815 1834 1894 de
1892 1818 2313 1920 sumptibus
2382 1850 2475 1899 ac

305 1913 672 1991 reditibus
723 1942 767 1989 a
826 1918 976 1989 itur
1022 1940 1638 2015 nummorumque
1689 1941 2057 2012 summae,
2110 1944 2303 2019 quae
2352 1919 2475 1996 vel

301 2013 670 2088 redierint
698 1942 826 2087 vg
843 2014 1265 2112 insumptae
1293 2014 1471 2104 sint,
1496 2017 2200 2110 commemorantur,
2252 2021 2477 2096 etiam

303 2135 481 2282 {12¹3
516 2113 1002 2282 ”Xoiamssffiff
1052 2111 1437 2281 ³333?
1451 2123 1750 2305 &332³
1798 2116 2121 2284 2253?ss
2166 2114 2474 2288 Ξέἔᾟ·

305 2304 605 2378 modum
655 2301 981 2378 obscura
1032 2309 1108 2377 et
1157 2300 1516 2396 difficilis,
1577 2329 1732 2378 non
1768 2234 2036 2379 qsolum
2089 2313 2267 2409 quia
2314 2333 2474 2384 non

301 2400 534 2476 multa
596 2400 688 2475 de
752 2404 841 2477 iis
904 2400 1105 2500 apud
1172 2402 1470 2474 veteres
1531 2404 2068 2501 reperiuntur,
2108 2406 2245 2480 sed
2348 2411 2474 2481 uia

302 2504 629 2574 maxime
703 2496 892 2573 haee
967 2496 1352 2572 mutabilia
1412 2496 1707 2598 aliaque
1772 2499 1939 2573 aliis
2003 2511 2148 2578 tem
2208 2510 2323 2579 ori
2380 2532 2476 2581 us.

302 2597 628 2671 fuerunt.
724 2598 1211 2669 Nummorum
1285 2598 1523 2688 ratio,
1589 2604 1944 2696 quantum
2011 2604 2133 2700 qui
2191 2627 2303 2676 em
2372 2599 2473 2676 ad

300 2701 644 2768 nostrum
678 2693 1067 2767 consilium
1092 2694 1438 2791 pertinet,
1484 2696 1749 2790 paucis
1774 2692 2066 2770 absolvi
2090 2702 2347 2796 potest
2381 2705 2469 2794 ¹).

298 2791 544 2866 Erant
590 2793 825 2890 igitur
872 2788 949 2865 hi
996 2795 1130 2866 aut
1176 2794 1550 2887 argentei,
1600 2796 1729 2863 aut
1778 2797 2020 2885 aenei,
2073 2803 2203 2868 aut
2229 2799 2468 2872 aurei.
2530 2882 2538 2889 ‚

297 2888 424 2964 Ex
473 2891 856 2987 argenteis
905 2891 1394 2962 usitatissima
1425 2885 1799 2979 drachma,
1853 2894 2263 2965 centesima
2289 2919 2470 2992 pars

296 2988 547 3061 minae
616 3012 680 3059 s.
738 2983 978 3059 librae
1039 2988 1357 3075 Atticae,
1409 3009 1602 3084 quae
1649 2988 1913 3059 uncias
1966 2986 2468 3063 colonienses

297 3080 529 3157 habet
574 3079 829 3181 paullo
866 3079 1196 3181 ,amplius
1246 3078 1610 3154 undecim.
1674 3083 2014 3155 Pretium
2045 3081 2492 3177 drachmae,

296 3183 375 3255 si
413 3205 576 3253 cum
626 3183 906 3253 nostris
955 3182 1240 3279 grosiis
1291 3181 1791 3275 comparetur,
1839 3205 2156 3277 quorum
2204 3181 2478 3256 XXIV,

296 3302 525 3353 unum
589 3274 956 3350 thalerum
1023 3273 1379 3364 efficiunt,
1432 3277 1813 3347 aestimari
1867 3280 2117 3373 potest
2150 3283 2472 3354 'circiter

297 3400 441 3450 sex
499 3377 817 3471 grosiis:
876 3377 1129 3472 itaque
1190 3377 1485 3445 centum
1551 3369 1986 3465 drachmae,
2039 3378 2195 3449 sive
2243 3380 2469 3473 mina,

295 3474 595 3546 circiter
626 3473 885 3568 viginti
923 3475 1245 3572 quinque
1277 3467 1610 3541 thal‘eriS.
1713 3467 2186 3563 sexagintae
2218 3478 2464 3549 minae

291 3567 655 3643 talentum
707 3565 1065 3661 efficiunt,
1116 3567 1327 3639 cuius
1373 3567 1694 3661 pretium
1745 3566 2259 3643 aestimabitur
2310 3570 2469 3644 tha·

295 3662 477 3739 leris
527 3662 727 3736 mille
780 3666 1227 3764 quingentis.
1332 3659 1758 3734 Constabat
1818 3689 2053 3761 porro
2109 3666 2464 3743 drachma

293 3788 436 3836 sex
487 3758 767 3853 obolis,
829 3764 953 3860 qui
1007 3770 1081 3834 et
1128 3761 1271 3857 ipsi
1324 3761 1666 3857 argentei
1717 3765 1970 3851 erant,
2035 3766 2323 3859 pariter
2373 3791 2486 3862 ac

293 3858 694 3934 semioboli
767 3859 1188 3949 (ἧμιοβόλια).
1285 3856 1413 3929 Ex
1472 3879 1651 3929 aere
1722 3852 2194 3933 cudebantur
2258 3860 2464 3936 chal-

429 4082 501 4150 ·1)
547 4081 881 4138 Paullulum
931 4077 1172 4134 discedit
1207 4076 1379 4148 baec,
1438 4098 1606 4151 quam
1643 4083 2043 4153 proponimus,
2098 4101 2459 4140 nummorum

291 4157 612 4209 aestimatio
651 4156 722 4208 ab
760 4173 846 4223 ea,
884 4170 1031 4225 quae
1071 4151 1221 4221 apud
1260 4151 1612 4204 Boeckhium
1654 4159 1740 4204 est
1775 4152 1846 4204 de
1884 4166 2008 4206 oecz
2045 4174 2093 4209 r.
2133 4169 2185 4219 p.
2224 4161 2293 4209 A.
2334 4159 2360 4208 1
2400 4170 2457 4222 p.

293 4228 534 4281 15-252
572 4227 675 4279 sed
712 4226 951 4278 debetur
987 4222 1128 4275 haec
1163 4225 1509 4277 nostra,viri
1546 4225 1750 4275 summi
1769 4224 2267 4299 d'emiooeocqponlm,
2303 4246 2457 4280 eom-

286 4300 688 4371 municataque
723 4297 892 4351 nobis
926 4294 1254 4367 petentibus
1290 4292 1363 4347 ab
1400 4312 1469 4346 eo
1509 4300 1614 4362 est,
1650 4311 1784 4347 mox
1820 4312 1946 4348 cum
1984 4299 2103 4352 suis
2136 4297 2459 4352 rationibus

287 4373 350 4426 in
388 4368 574 4430 altera
608 4369 863 4424 editione
897 4385 1100 4422 oecon.
1133 4369 1260 4422 Ate.
1300 4367 1590 4438 copiosius
1628 4365 1982 4440 explicanda·
