3067 4975
1159 325 1673 456 Prooemium,
2458 356 2515 430 9

324 544 457 620 illo
508 541 660 616 tem
717 563 855 613 ore
903 538 1182 614 statum
1230 563 1512 638 magno
1566 565 1802 640 opere
1850 538 2368 639 pertinentia)
2433 540 2517 618 et

321 640 664 716 Aristote
695 662 779 711 es
842 640 1163 736 propter
1229 634 1474 711 libros
1544 635 1639 711 de
1703 663 1788 712 re
1834 634 2163 738 publica.
2262 636 2518 736 Multo,

320 738 498 838 plus
529 751 535 758 ’
565 736 791 810 etiam
850 732 1395 832 proficeremus
1466 760 1570 808 ex
1616 733 1835 809 huius
1886 733 2101 809 libris
2149 738 2516 827 πολιτειῶν,

321 831 1281 1029 ἑζέἕὲὲἓέ.ἰωὲἒῖι“ἳιῑῖἆ’
1310 857 1597 1003 3ῗὲ
1627 830 2520 1029 Ρῗ-’ἑὲἷΐῗὲἑῖᾇπὲἒέἱ

317 1028 577 1103 menta
624 1028 979 1125 superest
1000 1028 1124 1123 33).
1223 1031 1583 1103 Ceterum
1643 1026 1854 1102 multi
1917 1031 2141 1102 etiam
2201 1026 2330 1101 alii
2376 1028 2517 1099 im·-

317 1127 584 1227 primis
650 1149 750 1196 ex
814 1122 1246 1199 Aristotelis
1309 1122 1710 1221 disciplina
1771 1124 2203 1224 philosophi
2264 1122 2360 1198 de
2425 1149 2515 1198 re

317 1220 630 1321 publica
691 1217 1169 1319 disputarunt
1232 1223 1365 1297 aut
1425 1224 1654 1295 etiam
1712 1226 2097 1295 civitatum
2160 1219 2378 1320 leges
2433 1220 2521 1295 ‘et

317 1317 671 1392 instituta
719 1317 1469 1418 perscripserunt14),
1524 1317 1952 1420 exquibus
1999 1321 2220 1393 unius
2268 1319 2517 1391 Hera·-

323 1413 566 1488 clidae
628 1414 932 1486 Pontici
996 1420 1336 1487 πολυτειῶν
1396 1419 1682 1513 exigua
1761 1413 2137 1517 particula
2213 1422 2521 1490 servata

323 1513 443 1586 est
470 1510 584 1597 ¹⁵).
706 1511 836 1583 Ex
899 1510 1330 1585 Aristotelis
1396 1512 1793 1610 disciplina
1870 1512 2014 1587 fuit
2089 1513 2311 1587 etiam
2372 1512 2521 1584 Di-

322 1606 742 1682 caearchus
817 1609 1250 1682 Messenius
1313 1614 1525 1682 cuius
1588 1618 1734 1697 βίον
1766 1613 2083 1693 Ἑλλάδος
2144 1606 2522 1707 particula

319 1709 501 1780 item
533 1708 821 1802 exigua
852 1705 1176 1778 aetatem
1216 1703 1387 1781 tulit
1406 1706 1517 1798 1ὅ),
1572 1707 1650 1779 et
1679 1702 2262 1802 Theophrastus
2309 1709 2523 1778 cuius

319 1805 759 1882 notationes
820 1825 1112 1874 morum
1170 1801 1543 1876 nonnihil·
1578 1800 1981 1876 conferunt
2056 1800 2155 1875 ad
2228 1801 2523 1878 civilem

325 1923 628 1999 quoque
675 1895 1241 1972 Atheniensium
1287 1902 1515 1972 vitam
1566 1896 2204 1996 cognoscendam.
2305 1901 2527 1973 Hauc

319 2020 505 2069 vero
560 2019 663 2068 ex
711 1993 916 2094 nullo
970 2019 1152 2069 sane
1203 1999 1582 2095 scriptore
1631 1993 1898 2068 melius
1948 2000 2026 2069 et
2075 1993 2373 2094 planius
2399 2021 2529 2069 co-

326 2095 763 2193 gnoscimus
815 2118 1032 2210 quam
1084 2118 1186 2166 ex
1213 2091 1747 2191 Aristophane,
1799 2095 2012 2165 cuius
2055 2092 2525 2188 comoediae,

332 2192 672 2289 quamvis
723 2187 1019 2262 ridiculi
1068 2215 1298 2263 causa
1349 2193 1531 2263 vitia
1582 2189 1961 2265 hominum
2014 2193 2092 2264 et
2139 2190 2527 2264 stolidita-

320 2291 479 2361 tem
527 2310 765 2383 supra
811 2311 1071 2361 verum
1121 2289 1625 2386 exaggerent,
1689 2285 2222 2363 viridissimam
2271 2291 2527 2362 tamen

326 2385 409 2459 et
455 2383 778 2459 sirecte
826 2382 1348 2481 intelligantur
1397 2387 1863 2460 verissimam
1914 2382 2284 2461 exhibent
2328 2388 2526 2459 Atti-

323 2507 463 2555 cae
514 2481 835 2567 civitatis
883 2483 1286 2580 imaginem
1306 2482 1420 2571 1⁷).
1532 2483 2015 2557 Recentioris
2082 2481 2527 2561 comoediae

324 2579 748 2676 scriptores
819 2603 1083 2653 omnes
1155 2584 1569 2679 perierunt,
1645 2583 1722 2654 et
1796 2578 2227 2678 fragmenta
2265 2576 2527 2675 [nobis

323 2674 515 2750 nulli
575 2673 739 2749 fere
802 2679 975 2749 usui
1041 2681 1265 2775 sunt;
1327 2677 1461 2752 sed
1529 2682 1795 2752 extant
1852 2678 2314 2754 imitationes
2360 2679 2526 2751 Ro-

323 2792 756 2864 manorum,
818 2771 1073 2846 Plauti
1136 2781 1211 2849 et
1261 2776 1632 2867 Terentii,
1697 2800 2146 2874 quamquam
2198 2774 2382 2871 hae,
2451 2779 2531 2853 et

324 2875 669 2945 maxima
717 2867 1166 2965 Plautinae,
1233 2898 1399 2945 cum
1470 2876 1822 2947 cautione
1880 2873 2371 2971 usurpandae
2398 2872 2525 2979 18).

468 3108 568 3182 13)
604 3111 935 3168 Aristotelis
979 3132 1172 3168 rerum
1255 3113 1578 3170 uhlicarum
1629 3115 1928 3191 reliquiae.
2005 3117 2156 3175 (2011.
2204 3120 2337 3175 Car·
2366 3118 2533 3174 Frid.

321 3184 654 3239 Heumann.
712 3184 981 3239 Heidelh·
1019 3187 1177 3243 1827.
1253 3227 1270 3244 .
1331 3188 1641 3243 Meliorem
1676 3190 1879 3246 horum
1915 3191 2370 3265 fragmentorum
2411 3190 2533 3246 col·

321 3257 636 3312 lectionem
674 3256 745 3309 ah
781 3259 856 3313 A.
892 3256 1126 3311 stulu-io
1167 3266 1472 3331 expectare
1508 3261 1664 3316 licet.

469 3363 569 3433 14)
605 3364 749 3417 vid.
799 3365 1040 3434 Heyue‚
1093 3365 1307 3438 Opuse.
1341 3367 1524 3426 Acad.
1560 3375 1695 3425 tom.
1733 3371 1811 3424 11.
1856 3390 1912 3443 p.
1948 3370 2058 3425 280
2092 3389 2213 3444 sqq.
2291 3358 2532 3426 Boeckh

320 3437 389 3490 in
422 3436 686 3491 Platonis
721 3438 1010 3500 Minoem,
1061 3456 1114 3509 p.
1149 3439 1241 3497 81.
1312 3440 1623 3494 Neumaun
1672 3444 1734 3496 in
1773 3444 2012 3496 Aristot-
2048 3461 2094 3497 r.
2136 3462 2194 3514 Ρ.
2228 3441 2435 3513 fragm.
2470 3463 2532 3516 p.

327 3510 420 3565 21.
497 3506 909 3562 Wachsmuth.
944 3511 1256 3581 Antiquitt.
1293 3511 1450 3565 Hell.
1486 3515 1562 3580 11,
1599 3516 1651 3580 1,
1686 3533 1743 3585 p.
1778 3513 1906 3569 438.

469 3612 567 3681 15)
615 3614 960 3668 Heraclidae
1009 3617 1240 3672 Pontici
1285 3617 1613 3689 fragmenta
1663 3619 1736 3674 de
1779 3622 1955 3676 rehus
1999 3621 2277 3693 puhlicis,
2324 3620 2415 3675 ed.
2463 3622 2538 3679 G.

327 3689 408 3744 D.
442 3685 683 3740 Koeler.
712 3686 846 3740 Hal.
886 3687 1044 3744 1804.
1071 3689 1124 3746 8.
1182 3691 1404 3746 Extant
1429 3691 1638 3762 fragm.
1667 3696 1840 3748 etiam
1870 3698 1935 3749 in
1965 3695 2253 3751 Gronovii
2281 3693 2537 3755 thesaur.

332 3762 473 3814 Ant.
511 3760 614 3813 Gr.
651 3763 788 3813 tom.
815 3760 921 3814 VI·

478 3861 578 3935 16)
619 3868 716 3920 -De
758 3865 1118 3921 Dicaearcho
1173 3869 1414 3944 eiusque
1465 3873 1765 3946 operihus,
1819 3893 1934 3929 scr.
1981 3834 2137 3946 Aug.
2200 3874 2540 3936 Buttmann.

332 3937 666 4009 Numhurg.
701 3957 749 3995 8.
789 3956 840 3993 a.
878 3939 930 3994 4.

481 4038 582 4111 17)
608 4044 694 4097 Η.
736 4042 850 4098 Th.
887 4046 1202 4110 Rfitscher,
1244 4050 1667 4124 Aristophanes
1703 4052 1826 4106 und
1860 4055 1987 4107 sein
2020 4050 2321 4108 Zeitalter.
2392 4055 2538 4108 Ber·

330 4115 421 4170 lin
448 4116 606 4170 1827.
630 4116 681 4170 8.
723 4117 792 4170 P.
821 4118 890 4172 F.
925 4118 1354 4191 Kanngiesser,
1396 4124 1491 4178 die
1519 4125 1639 4179 alte
1665 4123 1963 4180 komische
1990 4126 2201 4181 Biihne
2230 4127 2296 4179 in
2319 4124 2535 4180 Athen.

330 4186 587 4242 Breslau‘
619 4186 778 4243 1817.
809 4189 862 4244 8.
1116 4206 1127 4219 “
1845 4244 1858 4277 3

478 4287 580 4362 18)
625 4291 796 4348 Gonf.
841 4297 916 4350 G.
943 4264 1231 4368 Koeplte,
1272 4303 1337 4353 in
1370 4303 1819 4357 Zimmermann.
1861 4304 2049 4359 diurn.
2090 4307 2310 4381 antiqu.
2347 4302 2540 4371 (zeit-

336 4361 549 4420 schrift
582 4362 682 4420 fiir
728 4364 822 4422 die
857 4366 1666 4447 Alterthumswissenschaft.)
1708 4394 1839 4433 ann·
1880 4376 2037 4436 1835.
2075 4375 2218 4435 fasc,
2257 4378 2354 4435 12..
