3067 4975
2527 309 2595 324 *x

587 335 739 459 202
999 384 1082 461 V.
1131 386 1254 460 De
1303 408 1394 459 re
1432 384 1751 486 publica
1797 383 2392 461 Atheniensium.
2489 409 2498 428 ⁸

593 565 1059 643 diversarum
1112 564 1440 647 tribuum
1505 569 1734 667 pagis
1795 569 2131 668 separati
2195 572 2418 642 erunt
2442 567 2554 661 ⁶):
2631 591 2781 666 qua

552 667 667 738 -z-iu
717 663 1002 739 re-Iioc
1055 667 1381 738 maxime
1444 666 1812 764 sequutus
1862 689 2035 738 esse
2084 660 2429 756 videtur,
2502 669 2587 735 ut
2643 688 2777 736 ‚ve-

587 757 875 834 teribus
967 764 1578 835 coniunctionum
1673 760 1987 834 vinculis
2080 762 2356 834 solutis
2464 755 2772 841 fractis-

593 883 740 958 que
817 854 1178 930 nobilium
1256 861 1382 958 qui
1457 862 1534 931 in
1626 856 1743 930 bis
1872 855 2248 930 olluerant
2326 852 2602 954 opibus
2696 856 2780 930 et

588 956 1091 1046 auctoritate,
1168 980 1366 1028 nova
1425 952 1687 1054 populi
1751 952 1803 1026 li
1861 957 2070 1028 ertas
2133 951 2566 1051 expeditior
2635 949 2771 1024 fie-

587 1053 710 1125 ret
758 1075 944 1125 neve
994 1049 1166 1149 plus
1217 1048 1415 1152 apud
1470 1051 1748 1125 multos
1797 1053 2020 1124 unius
2071 1053 2484 1148 cuiuspiam
2533 1052 2774 1147 partis

583 1173 811 1318 gruem
858 1151 1257 1319 uuis-grsae
1308 1151 1421 1223 rei
1473 1144 2263 1321 PUb¹ti⁰⁸31·rffip⁶⁰t⁰⁸
2314 1145 2635 1315 valerettlz
2677 1186 2772 1265 -O-
2823 1217 2830 1220 ,

661 1271 962 1319 umerus
1097 1272 1430 1319 emotum
1551 1272 1641 1320 os
1840 1271 1902 1316 ns
1993 1269 2205 1318 enom
2267 1269 2355 1316 su
2412 1268 2500 1318 ra
2612 1268 2772 1315 mu-

586 1339 784 1416 dium
836 1350 1101 1416 auctus
1152 1346 1271 1418 est
1296 1344 1365 1439 ⁷)
1381 1389 1417 1437 ,·
1488 1273 1714 1443 guum
1782 1345 2174 1415 crescente
2240 1269 2620 1415 tunginum
2696 1342 2772 1413 in

584 1441 839 1514 Attica
890 1439 1360 1515 multitudine
1410 1438 1579 1514 lieri
1627 1464 1779 1512 non
1888 1440 2102 1516 osset
2152 1442 2328 1537 quin
2376 1441 2562 1536 pagi
2590 1438 2773 1510 novi

586 1534 796 1610 multi
846 1533 1382 1631 conderentur,
1432 1539 1761 1638 novique
1814 1462 2020 1609 Xemi.
2060 1531 2331 1609 fierent
2380 1559 2574 1635 quae
2637 1560 2773 1607 un-

582 1636 712 1707 tea
774 1639 1038 1734 partes
1088 1632 1622 1708 'tantummodo
1689 1631 2076 1707 demorum
2141 1629 2448 1706 suerunt
2472 1630 2568 1727 ⁸).
2666 1630 2774 1704 Et

582 1734 783 1804 ratio
859 1757 1160 1832 quoque
1235 1730 1625 1804 demotum
1699 1728 2181 1829 tribuumque
2258 1754 2352 1802 eo
2429 1727 2772 1801 nonnihil

581 1830 976 1901 immutata
1022 1832 1165 1922 est,
1217 1826 1418 1932 quod
1471 1826 1603 1902 filii
1673 1834 1967 1927 patrum
2028 1850 2339 1899 suorum
2407 1821 2642 1899 tribui
2690 1826 2771 1900 et

582 1922 801 1998 demo
840 1922 1506 2000 adscribebantur.
1604 1925 1798 1998 Nam
1851 1949 2080 2024 quum
2130 1919 2305 1997 ‚fieri
2367 1948 2521 1995 non
2584 1948 2769 2021 pos-

487 2087 497 2096 .
581 2029 721 2113 set,
766 2020 1127 2097 ut-sedes
1177 2048 1476 2121 semper
1526 2021 1831 2095 easdem
1878 2022 2248 2113 tenerent,
2300 2017 2434 2093 sed
2470 2044 2569 2093 ex
2599 2017 2767 2093 aliis

581 2115 902 2193 subinde
953 2122 1029 2192 in
1083 2117 1278 2194 alios
1326 2145 1581 2218 pagos
1633 2122 2075 2217 migrarent,
2129 2120 2375 2191 evenit
2422 2120 2508 2189 ut
2559 2113 2770 2189 multi

579 2241 773 2308 uon,
836 2219 921 2289 ut
969 2216 1184 2307 olim,
1248 2221 1409 2290 eius
1470 2219 1547 2291 in
1613 2241 1762 2316 qua
1838 2210 2271 2288 habitarent
2341 2210 2770 2313 fundosque

575 2310 1085 2412 possiderent,
1134 2311 1270 2389 sed
1319 2311 1513 2387 alius
1564 2317 2003 2412 cuiuspiam,
2055 2313 2175 2383 cui
2226 2307 2324 2383 ab
2361 2312 2575 2383 initio
2608 2335 2769 2384 ma-

575 2414 784 2484 iores
834 2435 1096 2484 eorum
1147 2409 1511 2512 adscripti
1560 2408 1887 2506 fuerant,
1937 2407 2135 2484 demi
2188 2433 2279 2481 ac
2313 2402 2558 2482 tribus
2587 2433 2766 2482 cen-

578 2511 930 2585 serentur
956 2510 1047 2609 9).
1352 2526 1357 2531 ’

1517 2732 1536 2752 .
1586 2669 1888 2754 XXIII.

772 2804 1176 2885 Habebunt
1225 2684 1512 2886 ειιιῑοιῐι5
1529 2806 1876 2908 singulae
1928 2804 2174 2880 tribus
2204 2806 2283 2880 et
2311 2829 2535 2879 saera
2561 2829 2766 2878 com·
2807 2813 2815 2821 “

576 2911 851 2998 munia,
904 2934 1056 3010 quo
1109 2911 1439 3006 pertinet
1490 2909 1852 3006 imprimis
1920 2904 2174 2978 herois
2240 2902 2539 3002 epoymi
2606 2899 2764 2974 cul-

576 3007 822 3105 tu-s1),
876 3011 953 3081 et
1000 3003 1306 3099 fundos,
1358 3030 1681 3107 quorum
1730 2999 2072 3076 nonnulli
2136 3024 2529 3117 eponymo¹
2578 3024 2763 3071 con-

714 3208 774 3277 6)
815 3211 950 3266 vid.
985 3213 1253 3267 Prooem.
1289 3211 1424 3267 leet.
1462 3209 1689 3268 hibern.
1729 3207 1948 3282 Gryph.
1987 3227 2037 3263 a.
2074 3208 2215 3264 1835
2251 3227 2304 3281 p.
2341 3206 2429 3261 11.
2466 3207 2552 3262 12.

718 3311 783 3384 7)
820 3316 1060 3372 Polemo
1098 3338 1191 3393 ap.
1226 3319 1420 3374 Sti-ab.
1453 3320 1568 3386 IX,
1603 3320 1636 3376 l
1672 3306 1731 3394 p.
1764 3317 1873 3374 396
1910 3323 2146 3371 eentum
2183 3316 2551 3388 septuaginta
2594 3317 2763 3386 qunt-

571 3391 706 3442 tuor
740 3397 1019 3442 numerat.

697 3490 762 3563 8)
803 3493 891 3547 Cf.
930 3494 1002 3547 de
1047 3499 1262 3551 comitt.
1311 3496 1450 3552 Ath.
1498 3509 1557 3563 Ρ.
1594 3497 1721 3551 366.
1806 3491 2075 3550 Mueller.
2111 3494 2171 3546 in
2220 3491 2423 3548 Erech.
2466 3497 2526 3547 et
2572 3492 2758 3550 Gruh.

571 3557 890 3637 Encyclop.
932 3564 1011 3619 xl
1046 3579 1099 3632 Ρ.
1135 3569 1258 3623 227.
1327 3570 1398 3622 ld
1448 3588 1552 3622 cur
1599 3564 2052 3622 Woclismutbio
2089 3565 2174 3629 11,
2224 3566 2256 3618 1
2295 3575 2350 3628 Ρ.
2386 3566 2474 3619 22.
2547 3567 2759 3618 Grute-

572 3631 771 3691 fendio
810 3636 849 3690 l.
888 3636 928 3690 1.
964 3650 1021 3703 Ρ.
1067 3640 1130 3692 10
1167 3647 1226 3692 et
1259 3641 1595 3693 Hermanno
1632 3643 1770 3693 Ant.
1797 3642 1899 3693 Gr.
1938 3634 1992 3702 ξ.
2015 3637 2137 3698 111,
2174 3637 2208 3690 9
2246 3653 2445 3707 parum
2483 3636 2761 3690 credibile

573 3709 761 3760 visum
800 3711 877 3762 sit
912 3728 1033 3763 non
1070 3709 1356 3782 intelligo.
1438 3709 1748 3764 Niebuhrii
1801 3717 1989 3763 nutem
2039 3709 2299 3779 opinioni
2349 3727 2440 3780 ap.
2493 3710 2762 3761 Grauert·

573 3778 638 3830 in
683 3780 894 3833 Museo
943 3779 1132 3835 Rhea.
1170 3783 1228 3845 1,
1275 3784 1313 3838 3
1357 3795 1412 3848 Ρ.
1451 3785 1558 3837 180
1603 3781 1775 3835 fidem
1820 3787 1977 3834 recte
2027 3779 2387 3850 denegarunt
2434 3779 2664 3834 Grotef.
2704 3786 2764 3833 et

447 3903 452 3907 .
571 3850 802 3920 Herm-3
840 3853 1048 3923 probat
1083 3864 1274 3908 tamen
1310 3854 1596 3924 Krueger.
1631 3853 1672 3908 1.
1710 3853 1752 3907 1.
1788 3866 1847 3919 Ρ.
1884 3852 1940 3906 6.

715 3937 777 4008 9)
827 3939 967 3993 vid.
1017 3940 1091 3994 de
1150 3945 1366 3999 comitt.
1423 3956 1479 4010 Ρ.
1526 3943 1653 3999 366.
1746 3944 1837 3997 Ta
1879 3940 1989 3996 lor.
2035 3937 2194 3992 lectt.
2250 3938 2478 4009 Lysiae.
2530 3953 2588 4007 Ρ.
2635 3941 2760 3996 252.

571 4008 857 4082 Exempla
899 4013 1348 4083 suppeditabunt
1391 4012 1692 4070 Demostb.
1722 4016 1785 4067 in
1833 3961 2047 4067 {ecch
2083 4024 2140 4077 Ρ.
2180 4011 2348 4076 1086,
2392 4013 2444 4066 9.
2491 4012 2578 4066 10.
2626 4012 2763 4067 coll.

572 4092 629 4147 Ρ.
666 4083 824 4150 1083,
861 4083 914 4136 ⁶.
954 4085 1110 4150 1091,
1148 4087 1202 4142 6.
1236 4086 1295 4141 9.
1368 4085 1664 4142 Plutarch.
1704 4085 1980 4140 Themist.
2014 4083 2046 4137 Ι
2081 4088 2140 4137 et
2174 4083 2265 4138 22.
2335 4083 2579 4139 Artstid.
2619 4103 2668 4137 e.
2708 4086 2760 4139 l.

572 4151 764 4208 Alcib.
816 4172 866 4206 c.
905 4156 981 4210 22
1023 4155 1157 4211 coll.
1200 4156 1354 4212 Plnt.
1388 4158 1577 4214 Alcib.
1620 4159 1647 4211 1
1694 4175 1816 4228 cap.
1862 4155 1944 4209 19.
2037 4151 2313 4209 Aeschin.
2351 4157 2412 4208 in
2467 4148 2757 4210 Timarch-

571 4236 629 4291 Ρ.
671 4225 794 4280 118.
837 4224 958 4279 121.
1024 4228 1196 4301 Diog.
1223 4228 1415 4285 lauert.
1442 4234 1545 4285 vit.
1574 4229 1724 4285 Plnt.
1748 4227 1848 4282 lib.
1878 4228 1937 4281 11
1973 4221 2023 4297 §.
2046 4227 2132 4280 41.
2163 4245 2217 4298 p.
2240 4228 2363 4281 220.
2393 4228 2498 4281 221
2524 4227 2755 4283 Huebn.

711 4309 778 4382 l)
814 4314 969 4367 Hinc
1015 4317 1348 4374 sacerdotes
1396 4336 1753 4393 eponyorum
1816 4323 1876 4370 et
1920 4313 2164 4384 sacella,
2219 4333 2270 4369 e.
2315 4335 2369 4375 c.
2417 4317 2782 4371 Pandionis.'

573 4384 751 4458 (ξω-ι».
787 4385 971 4440 lusor.
1009 4402 1108 4442 uo.
1147 4388 1274 4460 128,
1310 4392 1343 4448 1
1384 4402 1443 4448 et
1477 4410 1576 4452 no.
1609 4390 1737 4453 213.
1775 4387 1870 4447 Cf.
1907 4388 2128 4443 uam.
2161 4385 2375 4460 syllog.
2398 4390 2571 4445 inser.
2595 4409 2650 4466 p.
2671 4390 2762 4445 98.
