3067 4975
555 343 705 419 296
963 348 1042 422 V.
1089 347 1210 424 De
1260 373 1350 422 re
1384 347 1706 450 publica
1754 333 2348 428 Atheniensium.

565 519 711 621 est,
761 523 1160 625 probabile
1210 526 1500 602 videtur
1549 556 1645 603 ne
1686 558 1776 604 ea
1810 529 2104 632 quidem
2135 530 2516 606 iis'relicta
2547 556 2748 627 esse,

565 643 760 724 quae
812 625 904 699 de
960 623 1189 698 caede
1239 628 1441 699 iusta
1492 653 1583 699 ac
1632 626 1839 701 licita
1889 626 1985 700 ad
2039 627 2520 728 Delphinium
2570 656 2756 727 age-

560 718 869 813 bantur,
935 719 1541 823 quaudoquidem
1595 723 1779 798 haec
1833 751 2171 825 quoque,
2238 735 2319 799 ut
2370 750 2560 826 quae
2611 751 2753 798 nec

567 844 747 891 rara
812 817 1217 892 admodum
1268 843 1423 911 nec
1485 819 1668 894 levis
1716 830 2069 895 momenti
2121 826 2417 915 essent,
2496 821 2754 895 maluit

575 909 773 988 haud
830 914 1053 988 dubie
1080 914 1405 1014 populus
1434 915 1528 990 ab
1562 922 1679 1011 iis,
1732 923 1854 1021 qui
1885 944 1977 991 ex
2015 923 2212 991 omni
2245 921 2545 992 civitate
2575 943 2755 1017 pro-

574 1016 880 1097 miscue
911 1011 1421 1101 sumerentur,
1488 1040 1707 1114 quam
1743 1042 1806 1088 a
1856 1013 2041 1088 solis
2093 1013 2499 1108 nobilibuS,
2577 1040 2758 1115 qua-

576 1107 691 1183 les
742 1108 1082 1208 Ephetae
1137 1113 1377 1200 erant,
1432 1109 1717 1190 baberi.
1832 1114 2093 1209 Neque
2142 1120 2389 1186 tamen
2439 1128 2758 1211 prorsus

578 1203 924 1280 sublatos
975 1232 1144 1279 esse
1195 1205 1533 1307 Ephetas
1586 1211 1923 1281 constat:
1977 1212 2224 1282 munia
2280 1236 2485 1300 vero,
2534 1234 2757 1308 prae-

578 1305 700 1377 ter
747 1303 1000 1377 illa‘in
1051 1301 1420 1376 Phreatto
1473 1307 1551 1378 et
1599 1305 1692 1378 ad
1735 1308 2193 1405 prytaneum
2244 1305 2543 1400 iudicia,
2594 1308 2757 1405 qui-

579 1396 728 1474 bu's
794 1426 929 1473 cur
1002 1398 1143 1471 hos
1205 1404 1546 1498 privatos
1599 1401 1990 1475 credamus
2042 1401 2246 1475 nulla
2296 1428 2523 1476 causa
2574 1426 2758 1501 pro-

581 1493 863 1570 babilis
915 1500 1340 1594 excogitari
1390 1501 1672 1595 potest,
1727 1497 1913 1572 haec
1961 1498 2475 1572 tantummodo
2505 1524 2762 1572 eorum

478 1602 487 1606 ’
584 1593 821 1668 fuisse
872 1593 1242 1667 videntur.
1339 1595 1677 1670 Primum
1742 1599 1807 1669 si
1859 1599 2024 1696 quis
2081 1594 2527 1669 homicidam
2583 1620 2766 1669 exu-

582 1689 861 1765 lantem
924 1689 1568 1793 abstinentemque
1631 1697 1724 1767 iis
1788 1692 2173 1785 omnihuS,
2261 1690 2533 1793 quibus
2597 1717 2763 1766 eum

587 1786 972 1863 abstinere
1041 1787 1482 1886 oportebat,
1565 1790 2070 1865 interfecisset
2134 1794 2383 1863 tamen
2454 1791 2585 1862 aut
2646 1792 2762 1862 in-

583 1884 1004 1960 terficiendi
1066 1887 1331 1959 auctor
1401 1883 1711 1980 suisset,
1788 1886 1881 1961 de
1944 1885 2164 1960 huius
2231 1891 2448 1985 culpa
2508 1884 2764 1984 Ephe-

585 1983 712 2055 tae
763 1977 1329 2081 cognoscebant
1354 1984 1451 2080 ³).
1530 1984 1848 2058 'Deinde
1913 1987 1980 2057 si
2030 1980 2500 2057 homicidium
2567 1982 2770 2056 esset

584 2078 1015 2151 inconsulto
1083 2085 1594 2171 commissum,
1682 2107 1921 2181 neque
2002 2084 2207 2154 esset
2269 2085 2436 2180 quis
2492 2106 2662 2153 uam
2725 2104 2769 2153 e

586 2180 1063 2294 propinquiS,
1150 2181 1273 2276 qui
1336 2186 1467 2251 aut
1525 2179 2111 2278 persequeretur
2180 2107 2617 2250 homiciaam
2685 2179 2765 2249 in

590 2272 873 2346 ludicio
927 2276 1060 2345 aut
1107 2277 1400 2348 veniam
1453 2279 1521 2349 ei
1576 2275 1794 2349 daret
1844 2273 2283 2374 culpamque
2333 2274 2771 2363 remitteret,

589 2372 772 2443 tunc
819 2369 1190 2469 Epheta'e,
1240 2377 1305 2444 si
1355 2375 1542 2472 ipsis
1593 2378 1979 2462 constaret
2010 2370 2481 2445 homicidium
2510 2375 2773 2471 incon-

557 2465 800 2541 1sulto
871 2473 1340 2544 commissum
1406 2497 1623 2565 esse,
1717 2497 1757 2544 e
1834 2467 2327 2567 phratoribus
2393 2465 2774 2542 interfecti

595 2562 960 2639 creabant
1011 2565 1266 2640 decem
1297 2571 1523 2667 viros,
1573 2570 1706 2640 aut
1738 2594 1778 2640 e
1807 2569 2313 2658 nobilissimis,
2364 2567 2517 2658 aut,
2570 2561 2776 2667 quod

597 2666 849 2736 verius
897 2664 1109 2760 puto,
1162 2689 1262 2736 ex
1310 2668 1405 2738 iis
1437 2668 1562 2764 qui
1588 2669 1913 2737 occisum
1949 2667 2405 2761 cognatione
2430 2664 2778 2761 proxime

602 2758 1179 2855 contingebant,
1226 2765 1349 2861 qui
1403 2778 1569 2835 cum
1617 2758 2103 2835 interfectore
2155 2762 2228 2832 in
2279 2763 2605 2857 gratiam
2653 2784 2778 2831 re·

600 2854 872 2948 dirent,
924 2882 1071 2957 quo
1123 2856 1247 2930 ille
1296 2864 1462 2931 tuto
1511 2861 1589 2930 iu
1638 2861 1885 2956 patria
1937 2882 2236 2930 manere
2285 2866 2566 2956 posset.
2648 2857 2781 2927 Li-

598 2955 754 3026 cuit
801 2955 1051 3027 tameu
1103 2951 1215 3026 his
1265 2953 1340 3027 id
1390 2963 1743 3028 recusare
1773 2953 2121 3055 illumque
2151 2952 2244 3025 ad
2274 2954 2788 3041 αἰπενιαυτισμὸν

601 3076 922 3148 cogere,
990 3055 1052 3122 si
1104 3051 1363 3148 piures
1406 3078 1674 3125 eorum
1727 3051 1801 3122 id
1853 3049 2187 3125 manent-⁴
2212 3054 2273 3148 ).
2322 3091 2418 3105 -
2472 3044 2787 3119 Coudo-

607 3153 777 3220 nari
843 3154 1091 3220 autem
1160 3148 1541 3221 homicidii
1592 3152 1867 3220 crimen
1917 3173 2318 3249 poenaque
2372 3146 2611 3217 omnis
2657 3166 2786 3214 re-

610 3247 800 3315 mitti
846 3248 1161 3341 poterat‘
1200 3251 1519 3343 primum
1571 3244 1664 3318 ab
1720 3249 1884 3343 ipso
1937 3244 2367 3336 interfecto,
2444 3265 2662 3343 quem
2714 3239 2786 3309 si

608 3344 1048 3413 morientem
1097 3343 1570 3416 interfectori
1619 3346 2004 3439 ignovisse
2072 3340 2507 3428 constabat,
2589 3336 2794 3421 huuc

607 3438 1796 3610 ῗέξὲῗῗὲἷᾱΞῗῖῖἓῖῑιέἒὲἱῖ.
1835 3432 2797 3636 ιζ’ἓῗιῗξέἱιωΕῗέἰΐῑῖἑίἶὶῗέ

748 3776 810 3843 3)
848 3775 1145 3831 Demosth.
1176 3774 1247 3831 *in
1282 3779 1558 3832 Aristoer.
1593 3797 1651 3849 p.
1688 3778 1792 3832 631
1832 3783 1975 3830 extr-
2011 3777 2118 3831 632
2153 3779 2253 3844 in„
2289 3775 2390 3830 ubi
2426 3776 2551 3846 ipsa
2569 3772 2667 3825 lex
2691 3768 2800 3823 atl-

609 3849 822 3921 scripta
860 3858 964 3902 est.
1040 3850 1162 3903 Sed
1208 3849 1457 3918 legenda
1505 3852 1704 3921 utique
1742 3852 1910 3911 etiam
1946 3847 2356 3903 Demosthenis
2392 3845 2799 3918 interpretatio

611 3929 702 3976 est
737 3939 918 4003 usque
958 3920 1029 3973 ad
1068 3941 1123 3992 Ρ.
1162 3922 1269 3976 633
1304 3921 1454 3977 med.

750 4025 808 4094 4)
852 4027 991 4083 vid:
1033 4027 1130 4081 lex
1180 4046 1266 4100 ap.
1306 4031 1468 4081 nem.
1505 4029 1567 4081 in
1604 4029 1845 4085 Maean.
1886 4047 1942 4098 p.
1984 4026 2149 4094 1069,
2209 3998 2309 4078 u'hi
2354 4045 2458 4099 pro
2508 4006 2807 4097 eqmcvojv

609 4099 856 4154 fortasse
896 4099 1227 4169 ἀγχισήνδην
1260 4099 1625 4154 scribendum
1665 4104 1766 4153 est.
1836 4097 2127 4152 Nonnihil
2165 4097 2236 4150 de
2272 4097 2442 4152 huius
2478 4096 2625 4166 legis
2662 4110 2805 4146 sen-

590 4175 790 4227 ·tentia
825 4172 1024 4243 paullo
1058 4179 1193 4251 post
1229 4172 1498 4239 dicemus,
1536 4179 1656 4229 not.
1696 4172 1782 4235 11.
2525 4174 2532 4179 ’

632 4306 641 4317 ·
698 4275 702 4278 ⁴
758 4276 822 4346 5)
862 4275 1161 4332 Demostb.
1196 4279 1259 4330 in
1294 4280 1571 4331 Pantaen.
1607 4295 1664 4350 Ρ.
1704 4276 1828 4344 983,
1865 4277 1956 4331 20.
2029 4228 2362 4346 bflMaUln.
2398 4292 2453 4347 Ρ.
2495 4272 2618 4328 160.
2664 4271 2808 4326 Ast,

610 4350 684 4405 ad
723 4348 876 4404 Plat.
913 4349 1091 4419 Legg.
1127 4368 1182 4422 Ρ.
1216 4350 1345 4405 451.
2087 4374 2094 4381 ·
2249 4398 2252 4403 .
