3067 4975
614 361 770 446 250
1018 358 1099 435 V.
1149 356 1268 448 De
1315 378 1403 431 re
1437 352 1756 457 publica
1802 353 2396 434 Act-emmaum.

616 543 1037 620 driennium
1098 544 1401 614 creatus
1427 538 1543 630 ¹¹).
1654 536 1799 612 Hic
1863 534 2358 614 distribuebat
2420 543 2777 641 quantum

614 645 885 741 cuique
932 636 1050 711 vel
1098 637 1575 733 magistratui
1620 633 1736 707 vel
1784 632 2253 733 publicorum
2308 662 2619 737 operum
2647 664 2776 710 cu-

612 739 856 814 ratori
900 738 1267 834 pecuniae
1318 756 1360 805 e
1408 734 1769 822 διοικήσεως
1814 735 2112 805 aerario
2163 736 2609 827 assignatum
2663 760 2779 806 es·

556 831 565 836 ’
614 836 734 910 set
761 834 878 924 ¹²),
924 872 1023 888 -
1086 824 1468 905 habebant
1527 834 1775 900 autem
1848 826 2114 902 borum
2178 827 2520 931 plerique
2596 855 2778 904 suas

610 949 834 1008 arcas
884 929 963 1002 et
1011 950 1263 1001 earum
1326 921 1889 1024 dispensatores
1948 923 2067 999 vel
2122 923 2426 1024 publice
2486 928 2603 1004 vel
2674 923 2772 1000 ab
2843 1015 2850 1026 .

610 1030 800 1128 ipsis
848 1028 1296 1100 constitutos
1325 1022 1424 1118 ¹³)
1475 1062 1573 1078 -
1631 1021 1820 1114 alia,
1883 1045 2077 1122 quae
2143 1025 2367 1097 extra
2431 1024 2772 1099 ordinem

607 1121 872 1223 populi
943 1124 1156 1195 iussu
1233 1115 1625 1218 eroganda
1698 1125 1948 1209 erant,
2018 1122 2182 1218 ipse
2258 1118 2629 1220 erogabat
2655 1118 2775 1217 ¹⁴),

566 1285 567 1290 ,
612 1224 1084 1318 omniumque
1136 1242 1326 1317 quae
1377 1212 1493 1290 vel
1543 1218 1992 1313 recepisset,
2063 1214 2178 1290 vel
2242 1215 2773 1309 distribuisset,

606 1317 725 1392 vel
784 1320 947 1414 ipse
1015 1319 1458 1412 erog-asset,
1521 1313 1861 1430 rationes
1924 1310 2403 1429 conficiebat:
2483 1341 2632 1415 quo
2693 1315 2819 1390 in'

604 1410 1655 1599 ssssffissaz„‘³‹¹:22;¹.33.233‘23.
1688 1413 2775 1606 3202252233‘?⁵3.⁶3221}‘33¹‡1332

598 1597 839 1709 porro
892 1631 1043 1678 non
1092 1602 1333 1678 solum
1383 1607 1476 1676 iis
1527 1597 1899 1694 omnibus,
1951 1603 2079 1701 qui
2126 1604 2202 1675 in
2249 1601 2569 1701 publicis
2630 1633 2769 1681 ex-

600 1701 1027 1779 actionibus
1075 1702 1424 1798 occupati
1473 1703 1692 1772 erant
1715 1696 1814 1791 ¹⁶)
1866 1742 1959 1756 —
2008 1699 2489 1799 quamobrem
2541 1706 2767 1778 etiam

596 1805 785 1876 iuris
836 1799 1236 1873 dictionem
1287 1793 1658 1897 quandam
1706 1792 2059 1871 babuisse
2106 1795 2400 1872 videtur
2470 1840 2566 1856 -
2628 1801 2768 1875 sed

601 1896 959 1997 operibus
1009 1919 1307 1996 quoque
1354 1890 1678 1992 publicis
1706 1892 1843 1987 ¹⁷),
1909 1917 2225 1992 quorum
2273 1899 2614 1995 sumptus
2661 1896 2762 1972 ab

599 1999 771 2095 ipso
824 1990 1191 2090 erogandi
1243 1991 1497 2082 erant,
1617 2014 2011 2089 namquam
2070 2015 2253 2064 cura
2319 2000 2396 2066 et
2458 1992 2761 2069 effectio

598 2090 1042 2193 plerumque
1093 2086 1261 2161 aliis
1298 2014 1796 2160 mandabatur
1844 2084 2178 2184 tributim
2220 2088 2520 2181 creatis,
2571 2117 2757 2191 qua·

599 2196 716 2263 ies
764 2192 939 2262 sunt
985 2187 1291 2264 ὁδοποιοί,
1334 2189 1694 2270 tamenetsi,
1735 2191 2139 2273 τριηροπυιοί,
2181 2195 2584 2278 ταφροποιοί,
2630 2193 2758 2288 qui

597 2287 679 2362 et
727 2287 872 2386 ipsi
916 2287 1100 2359 iuris
1150 2278 1549 2353 dictionem
1598 2276 2124 2375 habebantffi).
2226 2283 2570 2360 Ceterum
2620 2284 2758 2357 ho·
2818 2312 2823 2318 ’

591 2409 763 2458 rum
794 2437 799 2443 ·
832 2383 1310 2480 negotiorum
1373 2401 1491 2449 ma
1554 2401 1650 2450 na
1708 2400 1890 2474 pars
1949 2374 2355 2478 aliquando
2416 2406 2462 2453 a
2525 2407 2754 2481 quae-

595 2490 813 2555 store
857 2486 971 2572 τῆς
1012 2480 1370 2567 διοικήσεως
1427 2501 1476 2549 a
1589 2500 1726 2549 eos
1793 2472 2160 2550 translata
2224 2503 2394 2554 esse
2459 2475 2753 2577 dicitur,

587 2812 612 2867 ¹
668 2812 708 2867 ι
740 2737 1283 2868 11)ιξὶ”7ιίαῧιιαμίασ
1312 2756 1369 2792 v.
1400 2730 1686 2805 ἔπεμελητῆς
1710 2732 1796 2805 τῆς
1823 2733 1991 2805 κοινῆς
2018 2735 2281 2813 προσόδου.
2316 2739 2456 2794 vid.
2488 2742 2747 2799 Boecklu,

615 2852 632 2868 .
745 2832 801 2885 Ρ.
940 2847 959 2867 .
1102 2847 1120 2865 .

732 2915 831 2988 12)
869 2921 998 2974 Hoc
1029 2916 1307 2991 probatur
1339 2917 1412 2969 iis
1446 2932 1593 2986 quae
1629 2933 1665 2967 a
1697 2912 1997 2968 Boeclthio
2032 2913 2349 2972 afferuntur
2379 2939 2436 2991 p.
2460 2920 2563 2974 179
2599 2926 2656 2975 et
2733 2957 2753 2976 .

593 2991 701 3046 184
738 2994 846 3057 iu„
892 3009 1004 3044 nec
1059 2989 1229 3042 video
1286 3006 1389 3041 cur
1447 2984 1551 3039 illa
1605 2986 1933 3039 distributio
1995 2985 2066 3038 ab
2119 2987 2448 3043 Hermanno
2502 2996 2637 3046 Ant.
2731 3035 2748 3050 .

594 3065 719 3130 151,
758 3063 825 3118 15
862 3062 1154 3133 apodectis
1191 3061 1528 3127 assignetur.
1601 3058 1789 3110 Etiam
1826 3057 2174 3125 col-cretae,
2221 3065 2319 3131 qui
2353 3070 2487 3132 post
2518 3065 2751 3119 institu-

587 3141 682 3188 tos
708 3153 743 3187 a
766 3132 1062 3187 Clisthene
1103 3130 1409 3203 apodectas
1445 3129 1837 3183 tantummodo
1874 3128 2153 3183 mercedis
2178 3132 2460 3186 iudicialis
2498 3145 2556 3188 et
2591 3155 2751 3190 sum·

587 3216 721 3279 ptus
756 3205 1109 3276 publicarum
1147 3207 1208 3258 in
1285 3209 1526 3275 rytaneo
1575 3199 1866 3273 epularum
1915 3202 2392 3273 dispensationem
2442 3203 2747 3274 habebant,

586 3280 861 3350 pecunias
899 3274 986 3328 bis
1028 3275 1198 3328 rebus
1276 3277 1568 3340 estinan,
1602 3270 1767 3325 velut
1798 3277 2101 3347 πρυτανεῖα,
2149 3292 2264 3327 non
2313 3277 2422 3347 ipsi
2458 3281 2743 3350 recepisse

587 3349 690 3403 sed
729 3367 762 3398 a
798 3354 1122 3420 quaestore,
1153 3349 1344 3420 ταμίᾳ,
1393 3345 1682 3417 accepisse
1728 3344 2014 3399 videntur.
2102 3345 2191 3400 ef.
2236 3346 2489 3401 Boeckb.
2538 3369 2596 3422 p.
2634 3352 2743 3407 188

583 3428 643 3474 et
677 3418 803 3474 180.

724 3519 822 3593 13)
861 3519 1104 3576 Publice
1141 3522 1482 3595 constitutos
1515 3476 1785 3576 nonium·
1827 3516 1936 3579 :mic
1977 3524 2167 3594 ταμίας
2194 3522 2296 3578 πεῖν
2325 3523 2477 3598 ἱερῶν
2504 3528 2735 3601 τριηρῶν,

571 3594 768 3651 Parali
805 3593 990 3660 (Dem.
1029 3592 1174 3645 mid.
1206 3611 1264 3664 p.
1300 3591 1438 3660 ⁶70)
1478 3600 1536 3648 et
1570 3593 1917 3649 Salaminiae
1953 3612 1997 3647 s.
2038 3593 2254 3648 Deliae.
2305 3597 2439 3650 vid.
2477 3596 2737 3656 Boeckb.

569 3668 630 3793 ἰΙΙΙ
636 3667 906 3814 pP18¹1isa
927 3667 1022 3720 De
1056 3663 1206 3730 aliis,
1240 3662 1427 3720 veluti
1457 3668 1669 3740 ταμίαις
1696 3665 1800 3722 aih·
1827 3666 2170 3741 ιριηροποιῶν,
2203 3666 2305 3724 ταῖν
2332 3670 2622 3742 nquam&
2653 3670 2729 3726 of.

707 3840 807 3913 14)
843 3846 932 3900 Id.
966 3842 1048 3898 ib.
1083 3861 1138 3916 p.
1179 3841 1303 3898 185.

706 3949 802 4019 15)
838 3951 922 4007 Id.
958 3950 1039 4005 ih.
1075 3970 1133 4022 ρ.
1169 3953 1294 4006 2⁰2.
1330 3950 1459 4007 2⁰3.

707 4057 803 4122 le)
841 4057 928 4115 ιι».
964 4076 1022 4128 p.
1058 4045 1187 4112 18⁰:

703 4159 804 4234 17)
837 4165 928 4220 n».
962 4186 1013 4238 p.
1055 4142 1176 4220 181.

702 4267 802 4341 18)
838 4271 924 4326 Ib.
956 4290 1015 4345 Ρ.
1054 4271 1174 4327 183.
1211 4270 1281 4326 ef.
1318 4270 1391 4326 de
1424 4232 1642 4327 comitt·
1677 4290 1736 4347 Ρ.
1770 4273 1896 4331 374.
1951 4277 2044 4329 De
2066 4266 2272 4330 borum
2292 4275 2436 4329 iuris
2471 4271 2720 4329 dictione

556 4340 678 4397 vid.
715 4340 988 4399 Aeschin.
1021 4344 1084 4398 in
1120 4340 1375 4417 ctesiph.
1406 4363 1466 4416 Ρ.
1500 4345 1626 4401 401.
