3067 4975
556 372 703 446 276
958 368 1037 439 V.
1086 367 1204 439 De
1250 389 1339 438 re
1374 364 1692 465 publica
1739 364 2329 441 Atheniensium.

570 556 775 630 sario
850 551 938 623 ut
1021 553 1232 621 certo
1311 544 1430 619 die
1455 546 1518 642 ⁴)
1587 544 1784 646 apud
1851 550 2371 645 magistratum
2434 546 2741 623 adesset

571 647 935 725 edendam
990 669 1086 717 ue
1137 642 1498 719 adversus
1550 667 1635 715 se
1685 645 2057 717 actionem
2086 648 2738 742 cognosceret.—

569 751 770 822 Pera
835 771 925 817 en
983 768 1028 814 a
1090 744 1167 812 in
1228 744 1346 812 ius
1411 742 1711 812 vocatio
1777 747 1938 813 erat
2003 737 2099 814 ab
2164 745 2334 840 ipso
2387 749 2647 816 actore
2674 746 2740 836 ⁵)

570 851 647 919 in
697 870 799 942 pu
859 842 1001 913 lico
1054 835 1152 909 ali
1205 861 1307 909 uo
1357 833 1530 909 loco
1561 834 2066 933 ⁶)„adbibitis
2095 836 2439 933 testibus,
2491 844 2643 940 qui,
2674 847 2741 916 si

571 941 771 1015 forte
822 936 948 1010 ille
998 960 1143 1032 apu
1243 935 1766 1030 magistratum
1818 933 2019 1007 dicto
2074 933 2192 1008 die
2240 961 2395 1008 non
2438 962 2744 1039 compa-

573 1037 888 1127 ruisset,
966 1035 1111 1106 rite
1161 1038 1508 1103 vocatum
1563 1056 1733 1104 esse
1781 1033 2280 1122 testarentur,
2356 1032 2556 1132 quod
2607 1063 2745 1109 cur

573 1157 890 1213 necesse
954 1129 1184 1216 fuerit
1248 1153 1432 1201 mox
1478 1125 1893 1226 apparebit.
1995 1129 2273 1202 Testes
2321 1132 2397 1201 in
2446 1132 2563 1205 ius
2612 1160 2745 1207 vo-

578 1232 898 1311 cationis
933 1229 1228 1316 κλητῆρες
1276 1223 1663 1297 dicuntur:
1712 1222 1845 1299 sed
1886 1222 2082 1298 idem
2107 1250 2404 1317 nomen,
2457 1236 2532 1301 et
2564 1255 2744 1328 pro-

536 1334 741 1434 ·prie
792 1322 1112 1427 quidem,
1161 1326 1248 1393 ut
1295 1322 1617 1414 videtur,
1678 1324 1993 1400 nuncios
2044 1321 2409 1421 quosdam
2458 1325 2786 1425 signifl-.

578 1434 724 1517 cat,
777 1443 1091 1524 quorum
1141 1443 1376 1516 opera
1406 1414 1763 1491 absentes
1801 1422 1873 1489 in
1902 1421 2020 1491 ius
2052 1427 2414 1492 vocantur
2437 1420 2531 1516 ⁷).
2596 1426 2744 1496 Va-

580 1525 1008 1609 dimonium,
1057 1519 1122 1588 si
1174 1513 1467 1614 quidem
1517 1540 1684 1587 cum
1727 1511 2012 1588 civibus
2037 1519 2398 1614 ageretur
2423 1520 2514 1613 ⁸),
2567 1519 2748 1593 alie-

577 1647 753 1697 num
822 1615 988 1690 erat
1051 1608 1148 1684 ab
1198 1610 1760 1684 Atheniensium
1820 1610 2192 1685 moribus:
2273 1639 2520 1719 neque
2571 1620 2750 1715 cogi

580 1713 1059 1794 adversarius
1182 1710 1431 1782 oterat
1487 1710 1574 1781 ut
1645 1711 1894 1782 statim
1956 1713 2034 1782 in
2097 1714 2215 1782 ius
2278 1721 2744 1815 sequeretur,

577 1815 881 1917 praeter
929 1736 1371 1880 maniFestos
1401 1804 1868 1905 quorundam
1917 1803 2382 1905 delictorum,
2433 1836 2749 1912 quorum

529 1965 537 1973 .
581 1912 940 1999 ἀπαγωγὴν
987 1902 1203 2001 leges
1253 1908 1814 1979 concesserant.
1912 1902 2140 1976 Stato
2192 1903 2311 1978 die
2363 1905 2561 2007 apud
2595 1934 2751 1979 ma-

578 2013 1008 2109 gistratum,
1058 2003 1269 2073 cuius
1315 2003 1394 2071 in
1446 2025 1743 2099 quoque
1794 2025 2184 2072 causarum
2230 2023 2515 2099 genere
2564 2008 2751 2084 iuris

585 2109 816 2180 dictio
870 2105 1071 2174 esset
1094 2101 1190 2194 9),
1251 2100 1569 2195 primum
1620 2100 1942 2168 omnium
1991 2101 2190 2169 actio
2242 2100 2535 2174 edenda
2586 2104 2752 2173 erat

582 2207 869 2300 scripto
949 2195 1567 2292 consignatam).
1698 2192 2038 2266 Libellus
2120 2193 2237 2266 vel
2300 2199 2581 2288 ἔγκλημα
2635 2196 2750 2270 vel

541 2312 546 2317 ’
581 2306 757 2391 λῆξις
803 2294 941 2390 vel,
992 2296 1057 2364 si
1109 2288 1407 2388 publica
1437 2316 1667 2362 causa
1693 2292 1882 2381 erat,
1924 2296 2160 2381 γραφή,
2204 2293 2489 2376 ἔνδειξις,
2536 2299 2751 2382 φάσις,

583 2398 898 2484 ἄπὸεγωγὴ
976 2414 1121 2489 pro
1193 2390 1509 2460 actionis
1573 2411 1859 2485 genere
1921 2387 2345 2485 dicitur¹¹).
2442 2389 2749 2463 Exami-

728 2685 790 2754 4)
828 2686 904 2739 Et
938 2684 1272 2756 plerumque
1309 2681 1560 2752 quidem,
1593 2689 1659 2735 ut
1692 2683 1942 2750 videtur,
1976 2688 2106 2755 post
2133 2686 2272 2737 diem
2299 2688 2575 2755 quintum.
2609 2688 2748 2744 vid.

584 2759 666 2815 ih.
703 2777 761 2828 Ρ.
798 2757 920 2821 579,
959 2763 1016 2808 et
1052 2756 1123 2807 dc
1162 2756 1331 2807 certis
1370 2754 1571 2807 diebus
1611 2754 1960 2807 edendarum
1985 2755 2135 2826 apud
2162 2760 2549 2833 magistratum
2573 2763 2750 2812 actio..

582 2849 722 2886 num
758 2848 815 2900 Ρ.
850 2830 954 2882 577
991 2846 1078 2900 sq.

732 2934 797 3004 ὅ)
849 2936 916 2988 Si
968 2937 1129 2985 actor
1174 2929 1492 3003 inquilinus
1542 2937 1691 2998 erat,
1755 2934 2062 2986 comitante
2110 2939 2355 3005 patrono
2392 2953 2438 2988 s.
2473 2943 2745 3008 prostata.

585 3007 725 3062 vid.
760 3007 837 3059 ib.
870 3026 925 3078 p.
963 3005 1088 3058 561.
2499 3004 2506 3009 “

729 3111 790 3178 6)
828 3111 972 3164 Ibid.
1007 3129 1066 3182 Ρ.
1101 3108 1210 3162 588
1245 3126 1332 3180 sq.

726 3215 789 3288 7)
825 3217 969 3273 [bid.
1003 3237 1060 3289 p.
1097 3216 1222 3271 590.

727 3321 792 3392 8)
840 3326 931 3377 De
975 3325 1294 3395 peregrinis
1339 3321 1456 3374 vid.
1505 3323 1672 3374 Proc.
1708 3323 1829 3375 Att-
1883 3342 1939 3393 p.
1971 3320 2074 3376 581
2117 3327 2174 3374 et
2208 3321 2330 3377 583.
2396 3324 2614 3378 Ibidem
2653 3344 2749 3377 ex-

587 3398 755 3472 posui
802 3398 970 3448 etiam
1016 3395 1222 3466 quibus
1267 3395 1329 3446 in
1377 3396 1565 3448 causis
1618 3397 1774 3447 cives
1812 3403 1911 3447 aut
1943 3393 2123 3447 vades
2162 3393 2297 3447 dare
2335 3400 2518 3450 coacti
2554 3404 2654 3449 aut
2688 3400 2749 3449 in

591 3486 877 3524 carcerem
916 3467 1159 3518 coniecti
1196 3466 1327 3518 sint.
2401 3492 2406 3497 -

729 3571 789 3641 9)
835 3575 925 3626 Dc
969 3570 1056 3625 his
1088 3576 1210 3641 'pro
1258 3574 1459 3622 nostro
1513 3570 1759 3624 consilio
1810 3573 1950 3624 satis
1989 3570 2200 3624 dictum
2240 3578 2326 3625 est
2362 3574 2421 3624 in
2458 3574 2643 3645 capite
2678 3573 2750 3627 de

585 3644 1029 3714 magistratibus.
1079 3643 1523 3727 Accuratissime
1561 3642 1633 3694 de
1668 3641 2025 3711 singulorum
2045 3647 2187 3697 iuris
2213 3645 2463 3698 dictione
2485 3649 2776 3717 exposuit⁸

584 3721 840 3774 Meierus
873 3719 1043 3771 Prae.
1078 3716 1199 3768 Att.
1239 3711 1340 3765 hb.
1375 3714 1422 3766 1.

725 3821 826 3893 10)
864 3820 1228 3876 Tradebatur
1261 3817 1407 3870 haec
1442 3825 1541 3872 aut
1574 3821 1684 3890 ipsi
1719 3821 2098 3888 magistratui,
2136 3828 2238 3874 aut
2259 3821 2499 3889 scribae,
2535 3827 2636 3874 aut
2652 3841 2743 3876 as-

585 3900 815 3954 sessori.
889 3897 1051 3948 Proo.
1085 3894 1208 3945 Aa.
1253 3910 1308 3962 p.
1347 3891 1480 3953 599,
1529 3897 1588 3942 et
1622 3890 1850 3962 publice
1887 3894 1949 3944 in
1985 3890 2120 3944 albo
2155 3895 2428 3964 inscripta
2460 3912 2748 3965 propone-

583 3972 894 4099 {22:322er
931 3961 1223 4030 tribunali,
1260 3979 1373 4034 quo
1412 3964 1684 4031 cognosci
1722 3962 1793 4015 ab
1832 3963 2095 4015 omnibus
2130 3971 2342 4036 posset,
2380 3984 2619 4038 quorum
2657 3969 2745 4020 in-

722 4124 823 4196 11)
871 4122 1015 4177 Ibid.
1059 4133 1118 4186 p·
1164 4120 1271 4174 594
1315 4139 1437 4191 sqq.
1510 4120 1699 4174 Etiam
1739 4117 2030 4196 a’vnypoeqw)
2065 4122 2136 4175 do
2174 4125 2383 4177 actoris
2418 4123 2619 4178 libello
2656 4133 2746 4180 est

584 4223 675 4276 ap.
710 4200 938 4254 Platon,
975 4191 1221 4264 Apolog.
1261 4212 1309 4246 c.
1348 4195 1433 4259 15,
1473 4210 1811 4264 quamquam
1848 4198 2078 4264 proprie
2126 4193 2236 4247 hoo
2273 4214 2478 4248 nomen
2519 4207 2617 4250 aut
2651 4202 2739 4250 rei

578 4273 839 4328 libellum
884 4265 1184 4334 significat,
1222 4271 1321 4351 aut
1365 4268 1429 4351 in
1460 4263 1795 4318 hereditatis
1830 4265 2201 4335 petitionibus
2240 4267 2311 4320 de
2348 4271 2597 4322 omnium
2638 4273 2737 4341 qui

577 4351 729 4400 inter
761 4362 824 4394 se
862 4336 1216 4391 contendunt
1248 4335 1458 4388 hbelhs
1493 4335 1719 4390 dicitur.
1797 4336 1935 4388 vid.
1972 4337 2048 4389 ib.
2086 4357 2141 4410 Ρ.
2179 4339 2299 4392 629,
