3067 4975
832 360 835 365 ’
947 355 1019 427 5.
1067 355 1189 429 De
1234 301 1839 450 magestatibus,
2335 361 2481 438 241

306 546 510 642 iique
576 538 949 612 bominem
1002 540 1080 611 iu
1127 535 1479 621 iudicium
1532 535 2037 633 deducebant,
2089 536 2301 616 cuius
2325 529 2359 616 wi
2416 545 2483 619 si

302 636 701 740 ‚praesides
778 637 994 708 eraut
1025 688 1049 727 ‚
1128 633 1541 709 accusabat
1618 645 1863 710 autem
1952 662 2145 713 unus
2220 664 2265 717 ,e
2402 665 2480 714 e-

265 749 471 818 ',cem
563 735 1001 834 synegoris‚
1125 757 1267 803 uos
1341 728 1441 822 ob
1506 730 1583 804 id
1655 736 1902 830 ipsum
1985 733 2295 830 euthyni
2347 733 2481 809 ad-

308 837 610 906 iunctos
673 828 820 902 sibi
885 825 1080 901 habe
1137 836 1267 899 ant
1293 828 1408 921 'Os
1492 830 1872 901 Poterant
1944 833 2194 903 autem
2260 831 2484 920 etiam

305 928 439 1002 alii
489 924 798 1029 quilibet
848 951 907 999 e‘
940 922 1228 998 civibus
1290 928 1772 999 accusatores
1825 928 2190 1002 existere:
2314 954 2486 1001 uam

312 1024 414 1099 ob
479 1051 634 1097 rem
699 1020 1311 1121 provocabantur
1371 1026 1589 1104 statis
1660 1018 2124 1122 temporibus
2191 952 2485 1123 aqogi·

304 1126 599 1196 starum
647 1145 1050 1219 praecone,
1100 1121 1182 1190 ut
1230 1120 1296 1189 si
1350 1124 1514 1218 quis
1566 1145 1928 1194 accusare
1980 1117 2176 1197 bunc
2228 1120 2343 1196 vel
2392 1118 2485 1194 il-

302 1218 460 1292 lum
508 1217 827 1316 propter
873 1241 1000 1290 res
1049 1218 1123 1287 iu
1167 1219 1626 1313 ‘magistratu
1677 1219 1808 1289 aut
1843 1220 2231 1291 curatione
2282 1227 2486 1309 com-
2585 1304 2587 1307 y

306 1320 578 1389 missas
630 1311 876 1406 vellet,
924 1311 1128 1410 apud
1177 1309 1494 1407 tog-istus
1520 1312 2007 1411 profiteretur
2032 1315 2127 1413 8).
2179 1316 2489 1389 ‘Nemini

314 1421 566 1485 autem
617 1411 793 1482 aute
843 1408 1210 1483 redditam
1264 1407 1832 1510 consectamque
1889 1409 2034 1484 boc
2084 1410 2310 1484 modo
2363 1438 2485 1485 ra-

302 1512 592 1589 tionem
642 1532 783 1580 nec
837 1530 1161 1605 peregre
1216 1505 1605 1604 ,proficisci
1663 1508 1906 1600 licuit,
1970 1533 2215 1607 neque
2266 1506 2490 1582 alium

307 1608 832 1702 magistratum
899 1627 1216 1701 capere,
1277 1628 1521 1702 neque
1584 1607 1923 1703 praemio
1990 1604 2292 1702 publice
2357 1630 2487 1678 or-

310 1706 506 1794 nari,
572 1726 816 1800 neque
883 1697 1265 1786 debonis
1335 1703 1492 1794 suis
1556 1697 1956 1801 quidquam
2024 1700 2167 1778 diis
2217 1699 2487 1776 couse—
2566 1741 2568 1743 ·

306 1823 558 1890 crare,
608 1823 852 1897 neque
901 1797 1431 1870 testamentum
1482 1795 1763 1891 facere,
1814 1822 2059 1897 neque
2092 1825 2231 1897 per
2258 1797 2486 1873 adro·
2533 1889 2536 1890 ᾗ

303 1892 1105 1995 ,gatioueminatiam
1157 1891 1510 1986 familiam
1561 1898 1886 1969 transire
1912 1897 2046 1998 9).1

653 2160 655 2163 Α
1260 2067 1331 2147 §-
1365 2060 1538 2137 XL.

534 2192 893 2266 Potestas
985 2197 1310 2269 omnium
1374 2194 1978 2293 ·magistratuum
2058 2193 2493 2295 permodica

317 2289 488 2364 erat
535 2297 896 2389 tantoque
944 2294 1190 2389 magis
1242 2293 1835 2389 circumscripta,
1867 2295 2177 2462 fiuanto
2226 2291 2490 2391 populi

315 2391 702 2484 imperium
792 2390 886 2459 in·
959 2391 1197 2461 maius
1289 2396 1755 2464 excreverat.
1940 2393 2207 2463 rimum
2294 2392 2490 2463 euim

314 2483 638 2585 publicis
706 2481 1045 2557 consiliis
1106 2488 1182 2557 iu
1250 2489 1517 2559 senatu
1553 2484 1702 2575 jvel
1783 2490 1864 2560 in
1941 2488 2268 2561 comitiis
2331 2512 2491 2562 ma-

315 2586 686 2680 gistratus
737 2588 866 2654 aut
909 2580 1134 2679 plane
1200 2609 1352 2656 non
1421 2586 1876 2677 intererant,
1937 2586 2070 2657 aut
2131 2587 2194 2660 si
2253 2587 2491 2658 iuter·
2535 2588 2546 2595 ‘

318 2684 581 2753 essent
627 2703 781 2751 non
828 2677 996 2777 plus
1045 2676 1205 2753 fere
1251 2662 1637 2783 poteraut),
1737 2701 1907 2753 uam
1959 2677 2270 2781 quilibet
2331 2685 2489 2779 pri:

315 2778 569 2849 vatus:
602 2776 663 2867 ¹)
727 2773 995 2849 deiude
1055 2779 1131 2873 iu
1206 2777 1694 2861 administrari
1751 2783 1815 2850 is
1878 2780 2248 2874 negotiis,
2298 2802 2491 2878 quae
2591 2805 2595 2808 ⁴

315 2877 582 2973 cuique
644 2870 1002 2945 attributa
1054 2873 1295 2965 erant,
1343 2868 1498 2947 non
1566 2877 1814 2972 magis
1873 2871 2173 2970 legibus
2214 2873 2495 2947 adstri-

319 2974 418 3044 cti
469 2994 688 3070 quam
730 2966 993 3067 populi
1042 2972 1250 3043 scitis
1279 2967 1596 3044 obnoxii
1648 2970 1889 3063 erant,
1918 2971 1982 3062 ²)
2031 2974 2491 3068 privatorum

314 3065 602 3166 plerum
657 3090 753 3139 ue
814 3065 1184 3138 hominum
1236 3093 1464 3140 suasu
1511 3071 1590 3143 et
1633 3068 2086 3140 auctoritate
2144 3066 2491 3167 perlatis:

318 3160 605 3236 subeun
664 3188 708 3234 a
741 3188 978 3260 porro
1009 3167 1082 3235 in
1113 3167 1431 3237 comitiis
1455 3163 1860 3238 identidem
1887 3168 2096 3263 quasi
2128 3164 2490 3332 quaedam

315 3258 577 3359 populi
626 3285 949 3332 censura
999 3261 1078 3333 et
1122 3260 1499 3355 iudicium5
1547 3266 1625 3334 iu
1679 3286 1826 3361 quo
1882 3289 1926 3332 a
1975 3285 2123 3361 quo
2157 3258 2318 3334 ibet
2363 3287 2488 3333 ac-

319 3358 595 3448 cusari,-
646 3362 723 3428 et
784 3359 851 3429 si
914 3353 1298 3431 videretur
1352 3356 1844 3452 multitudini,
1888 3360 2290 3456 potestate
2352 3383 2490 3431 sua

458 3612 527 3686 7)
561 3617 805 3671 Aristot.
857 3630 941 3689 ap.
988 3616 1171 3672 schol.
1217 3615 1508 3689 Aristoph.
1558 3617 1741 3688 vesp.
1788 3617 1913 3672 689.
1958 3616 2100 3672 Lex.
2147 3616 2388 3686 Seguer.
2425 3630 2489 3690 'p-

314 3687 442 3744 301.
478 3686 734 3741 Boeokh.
770 3687 812 3741 l.
848 3688 887 3742 l.
925 3709 981 3762 p,
1015 3691 1137 3744 207.
1175 3688 1260 3755 de¹
1285 3692 1500 3765 eomiyt.
1536 3708 1595 3762 p.
1646 3687 1768 3743 1⁰8.

455 3791 517 3861 8)
553 3793 828 3849 Aeschins
858 3798 923 3849 in
959 3798 1114 3851 Gtes,
1153 3816 1208 3869 p.
1241 3797 1364 3850 41&

454 3896 522 3966 9)
558 3900 644 3955 Id.
681 3901 825 3956 ibid.
859 3922 917 3975 p.
952 3902 1076 3958 413.
1111 3903 1236 3957 414.

455 4003 524 4076 1)
556 4002 629 4061 In
663 4015 871 4062 senatu·
902 4009 1101 4063 nullas·
1129 4003 1568 4078 magistratuum
1599 4012 1791 4077 parte's
1827 3978 2007 4061 fuisse
2042 4009 2183 4061 satis
2229 4014 2484 4077 constat3

312 4081 375 4131 in
412 4080 667 4132 comitiis·
705 4088 872 4134 erant
947 4081 1163 4135 ‚zuidem'
1189 4078 1499 4152 aliquando
1544 4077 1895 4147 nounullao,
1940 4078 2045 4133 sed
2091 4096 2196 4134 eae
2239 4098 2360 4134 non
2403 4082 2488 4134 ita

312 4152 507 4219 magni
541 4156 836 4205 momentis
867 4100 957 4206 Ca
994 4171 1045 4206 ο.
1083 4155 1120 4208 4
1155 4150 1212 4219 ᾧ.
1249 4156 1340 4220 30,
1376 4151 1429 4213 9.
1465 4150 1563 4218 33,-
1593 4150 1647 4203 6ο
1681 4150 1771 4218 35,
1806 4150 1862 4207 4·
2395 4181 2402 4186 ·

456 4255 517 4324 2)
556 4256 645 4312 Of.
680 4259 862 4312 Arist.
896 4255 1070 4312 Polit-
1106 4259 1218 4325 IV,
1251 4257 1310 4326 4,
1339 4256 1393 4312 3·
1428 4256 1486 4312 6.-
1522 4257 1614 4321 vl,
1651 4255 1708 4325 1,·
1736 4254 1790 4310 8.
1966 4324 2062 4396 16
