3067 4975
874 378 964 484 6.
1000 387 1123 462 De
1169 386 1342 460 titre
1391 382 1891 462 colomarium.
2332 385 2477 457 423

304 570 624 644 coloniis
661 567 967 646 ‘similes
1024 572 1285 656 erant,
1353 589 1548 665 quae
1607 568 1971 657 κληροιαΐαι
2004 557 2485 655 dicuntur-¹),

302 694 526 769 quum
605 671 681 741 iu
759 694 952 765 agro
1031 672 1160 739 aut
1240 658 1585 737 hostibus
1668 663 1930 759 erepto
1974 661 2038 748 2)
2118 667 2250 741 aut,
2326 661 2472 734 alia

303 792 591 865 quacun
652 791 741 837 ne
793 769 1085 837 ratione
1137 766 1360 833 extra
1412 761 1772 855 proprios
1795 758 1983 830 fines
2021 764 2250 852 parto
2303 785 2467 830 sor-

300 871 414 936 tes
467 791 752 934 civibus
804 852 1474 942 distribuebantur,
1530 860 1653 955 qui
1688 853 1862 927 lieet
1891 876 2098 926 suam
2153 852 2258 926 ibi
2309 881 2464 927 rem

299 957 695 1057 publicam,
747 985 1069 1057 suosque
1123 954 1613 1050 magistratus
1666 949 2054 1041 haberent,
2131 955 2281 1022 nou
2334 951 2463 1023 lie-

297 1065 460 1128 rent
516 1060 761 1127 tamen
812 1057 1219 1152 propterea
1270 1052 1545 1122 veteris
1574 1050 1865 1143 patriae
1918 1050 2296 1145 expertes,
2332 1047 2461 1119 sed

352 1155 581 1225 ariter
635 1152 848 1224 buius
901 1159 1123 1249 atque
1177 1144 1518 1219 coloniae
1572 1147 1771 1217 cive's
1837 1153 2084 1216 essent
2118 1143 2206 1233 3),
2275 1142 2461 1240 legi·

294 1178 442 1323 llus
519 1253 677 1322 eius
744 1245 1086 1322 omnibus
1149 1245 1618 1333 tenerentur,
1684 1244 1932 1314 munia
2006 1239 2250 1312 civilia
2317 1265 2458 1337 pro

293 1346 485 1419 virili
548 1354 764 1447 parte
832 1342 1133 1416 obirent
1157 1340 1253 1433 ⁴),
1302 1343 1641 1436 iuraque,
1705 1340 2055 1434 quantum
2109 1332 2460 1410 absentes

296 1448 650 1542 possent,
724 1439 1220 1537 usurparent..
1325 1435 1428 1507 Et
1486 1443 1717 1505 erant
1780 1456 2076 1531 quoque
2148 1437 2271 1531 qui
2336 1459 2457 1505 ac-

267 1543 516 1639 ·‹·.epta
563 1545 757 1613 inter
825 1533 1213 1608 cleruclnos
1281 1545 1488 1605 sorte
1557 1530 1756 1602 «lomi
1821 1537 2455 1604 tameuremane-

294 1640 465 1709 rent
515 1636 861 1733 illamque
914 1630 1027 1703 vel
1080 1654 1214 1727 per
1236 1631 1775 1727 procuratores
1820 1624 2457 1715 administrarent,

296 1733 413 1808 vel
466 1732 629 1806 aliis
679 1726 1064 1808 fruendam
1096 1724 1500 1813 elocarent,
1553 1723 1684 1792 aut
1734 1724 1952 1793 etiam
2008 1718 2459 1793 domicilium

184 1889 193 1896 .
293 1833 440 1927 ipsi
505 1856 698 1901 nunc
762 1832 836 1898 in
897 1826 1144 1924 patria
1222 1845 1418 1890 nunc
1494 1821 1569 1888 in
1638 1815 2014 1888 clerucltia
2067 1814 2454 1888 haberent.

295 1928 673 2003 Plurimae
712 1916 1129 1995 huiusmodi
1171 1911 1590 1986 clerum-hiae
1620 1911 2177 1989 Atheniensium
2220 1914 2458 2000 erant,

230 2115 237 2118 ῃ
293 2027 651 2125 imprimis
702 2020 943 2095 donec
993 2016 1218 2093 maris
1265 2014 1583 2110 imperio
1636 2006 2127 2110 potiebantur
2155 2011 2260 2101 ⁵);
2322 2007 2451 2081 sed

2492 658 2510 694 ἓ

432 2298 494 2369 1)
532 2302 623 2353 De
656 2293 750 2351 bis
786 2295 897 2350 vid.
935 2297 1068 2348 ante
1104 2309 1303 2346 omnes
1339 2287 1595 2343 Boeclxh.
1637 2306 1758 2340 oec.
1807 2308 1855 2341 r.
1902 2299 1957 2352 p.
1994 2288 2069 2341 Α,
2106 2287 2138 2341 1
2172 2300 2229 2351 p,
2265 2287 2452 2340 460...

291 2375 415 2428 465.
449 2378 621 2443 Corp.
658 2373 836 2424 Inscr.
874 2370 901 2420 1
939 2380 993 2433 Ρ.
1030 2368 1150 2419 150.
1190 2364 1282 2419 Cf.
1321 2370 1379 2415 et
1416 2358 1825 2414 Wachsmuth.
1863 2363 1909 2428 1,
1947 2361 1981 2412 2
2021 2372 2073 2423 Ρ.
2109 2360 2347 2413 36—43.

430 2498 488 2563 2)
524 2496 755 2550 Devicti
791 2492 982 2545 hostes
1018 2494 1116 2543 aut
1151 2483 1603 2557 expellebantur,
1650 2492 1715 2538 nt
1759 2484 2128 2538 Potidaeatae
2178 2489 2236 2535 et
2277 2483 2453 2550 Aegi·

288 2578 463 2631 nette
500 2569 571 2621 ab
606 2562 1054 2621 Atheniensibus
1090 2558 1376 2628 (Thucyd.
1417 2558 1502 2622 Π,
1550 2559 1637 2611 27.
1680 2558 1928 2610 Diodor.
1981 2557 2123 2622 xli,
2168 2553 2309 2619 44),
2355 2561 2454 2605 aut

288 2639 447 2698 servi
483 2640 726 2704 fiebant,
788 2643 854 2688 ut
901 2632 1157 2703 Dolopes
1207 2637 1265 2683 et
1290 2627 1538 2696 ‘Pelasgi
1587 2630 1647 2681 in
1694 2629 1912 2701 Scyro,
1956 2627 2204 2688 Lemno,
2257 2624 2451 2679 Imbro

250 2742 253 2749 ·
297 2713 586 2789 (Thucyd.
621 2713 666 2776 1,
702 2709 787 2763 98.
824 2707 1058 2760 Diodor.
1099 2703 1206 2768 xl,
1243 2702 1327 2755 60.
1365 2702 1542 2754 Corn.
1577 2700 1727 2774 Nep.
1766 2703 1988 2754 Cimon.
2029 2718 2077 2754 c.
2116 2694 2219 2767 2.),
2257 2703 2355 2749 aut
2391 2701 2452 2748 in

295 2786 576 2861 quandam
615 2779 1003 2834 cleruchorum
1041 2771 1363 2828 clientelam
1405 2772 1619 2823 detrusi
1658 2791 1824 2839 agros
1861 2780 2234 2843 patronorum
2286 2767 2445 2820 cole·

210 2874 215 2879 ·
293 2864 435 2915 hant
481 2870 811 2924 annuasque
855 2853 926 2902 iis
974 2848 1277 2917 pensiones
1333 2842 1770 2914 persolvebant,
1827 2852 1893 2895 ut
1938 2842 2131 2894 Lesbii
2177 2849 2311 2912 post
2355 2839 2451 2890 de-

292 2931 602 2987 fectionem
643 2925 713 2976 ab
753 2919 1198 2976 Atheniensibus
1233 2908 1457 2968 subacti
1496 2911 1785 2986 (Thucyd.
1822 2914 1925 2981 ΙΙΙ,
1963 2910 2099 2980 50.),
2147 2920 2247 2965 aut
2284 2914 2453 2964 etiam

291 3007 543 3062 fortasse
580 3007 739 3072 parte
776 3010 1035 3062 agrorum
1073 2990 1212 3060 ipsis
1257 2985 1455 3038 relicta
1501 2988 1675 3037 unius
1724 3003 1849 3036 cum
1900 2982 2183 3036 cleruchis
2231 2985 2315 3034 rei
2349 3000 2454 3052 pu-

290 3077 502 3132 blicae,
539 3069 636 3121 sed
678 3067 958 3118 deteriore
992 3065 1136 3127 iure',
1173 3059 1474 3128 participes
1508 3055 1742 3122 fiebant,
1778 3055 1836 3106 id
1876 3055 2027 3125 quod
2072 3055 2346 3108 Euboeae
2383 3053 2454 3104 ab

293 3140 745 3204 Atheniensibus
780 3136 988 3188 factum
1028 3130 1378 3185 crediderim.
1457 3129 1722 3183 Ceterum
1773 3126 2010 3178 clientes
2057 3123 2455 3196 illos,·quales

295 3217 489 3277 Lesbii
527 3214 664 3275 farti
700 3215 852 3272 sunt,
884 3204 1101 3260 πελάτας
1145 3199 1460 3271 appellatos
1508 3217 1634 3253 esse
1680 3216 1947 3268 perquam
1996 3196 2295 3269 probabile
2352 3202 2454 3250 est.

296 3293 447 3345 Plat.
485 3281 808 3353 Euthyphr.
848 3290 904 3345 p.
943 3281 978 3329 4
1002 3278 1064 3330 G.
1102 3273 1194 3329 cf.
1229 3270 1512 3325 Athenae.
1544 3271 1624 3334 X,
1660 3270 1732 3324 60
1771 3282 1823 3334 P.
1872 3269 2013 3324 443:
2084 3268 2455 3344 προσπελατῶν,

270 3380 273 3383 ’
297 3363 463 3434 ὥσπερ
494 3358 721 3412 εἱλώτων.

437 3463 499 3533 3)
538 3467 848 3533 Propterea
884 3452 1054 3507 modo
1092 3470 1126 3504 a
1158 3456 1357 3504 vetere
1389 3451 1577 3520 patria
1621 3447 1795 3500 modo
1848 3465 1885 3499 a
1932 3446 2219 3501 clerucbia
2254 3442 2443 3516 appel·

297 3543 424 3605 lati,
460 3536 624 3588 velut
656 3531 1038 3588 Athenienses
1073 3523 1357 3593 iidemque
1384 3519 1794 3586 Chalcidenses
1833 3527 1931 3572 aut
1952 3522 2284 3588 Aeginetae.
2320 3515 2458 3568 vid·

300 3607 556 3667 Boeckh.
595 3619 650 3670 P.
685 3604 807 3659 462.
912 3599 1064 3650 Hinc
1119 3593 1402 3666 explicavi
1443 3594 1634 3644 varias
1684 3591 1754 3642 de
1800 3591 1950 3645 Isaei
2000 3593 2242 3644 oratoris
2278 3590 2462 3660 patria

302 3684 683 3743 narrationes,
716 3671 893 3742 praef.
933 3669 1003 3723 ad
1039 3669 1167 3720 Isae
1207 3679 1262 3731 p.
1293 3666 1373 3731 V,
1423 3667 1513 3716 cui
1565 3661 1930 3733 explicationi
1981 3681 2126 3734 quae
2162 3661 2460 3714 Liebman-

298 3776 410 3811 nus
449 3752 661 3806 obiecit
705 3745 952 3799 refutata
986 3748 1121 3795 sunt
1169 3756 1204 3791 a
1245 3737 1466 3790 Meiero
1502 3734 1805 3806 Ephemer.
1876 3733 2008 3788 Hal.
2049 3734 2189 3790 1836
2223 3751 2317 3785 no.
2360 3731 2453 3784 131

338 3870 352 3885 .
388 3827 512 3882 432.

235 3982 239 3986 ,
294 3845 332 3899 P
396 4005 428 4059 7
447 3928 519 4072 4}
553 3931 646 4052 Ιέῧ
678 3918 1021 4049 κέ-ἴρουχικῶν
1054 3936 1143 3990 ap.
1166 3912 1550 3970 Athenienses
1584 3913 1940 3965 immunitate
1972 3911 2099 3964 vid.
2126 3927 2278 3981 supr.
2311 3910 2380 3962 P.
2402 3906 2464 3959 V

309 4027 358 4062 c.
433 4041 448 4056 .
527 4037 540 4053 .
643 4036 664 4062 ,
770 4029 785 4044 ·

306 4183 381 4238 36
450 4104 522 4234 gg
553 4106 671 4158 Has
707 4098 1034 4175 percensuit
1067 4091 1322 4149 Boeckh.
1360 4105 1417 4159 P.
1457 4091 1756 4176 456-469.
1829 4089 1919 4146 Cf.
1967 4084 2374 4145 Wachsmutb.
2410 4090 2476 4150 p?
