3067 4975
794 403 875 476 «8.
926 405 1046 477 De
1093 400 1500 502 disciplina
1533 399 1874 511 publica.
2295 402 2445 479 349

1198 597 1265 676 §.
1314 583 1521 661 XCI.

473 714 637 789 Hae
704 716 939 814 igitur
998 716 1316 800 virtutes
1372 723 1446 792 et
1496 712 1802 791 alebant
1865 721 2079 809 artes·
2135 716 2211 791 et
2271 741 2442 791 rur-

276 838 406 887 sus
473 810 570 885 ab
646 812 939 887 artibus
1014 811 1454 888 alebantur:
1550 813 1736 887 alias
1809 811 2124 889 libertas
2182 816 2445 914 populi

274 909 667 1010 formaque
761 914 874 985 rei
967 907 1313 1009 publicae
1395 908 1856 1009 procreabat
1934 908 2443 1014 augebatque.

272 1010 465 1081 Nam
534 1033 755 1108 quum
822 1005 1071 1081 aditus
1132 1007 1227 1081 ad
1292 1034 1447 1082 rem
1508 1007 1887 1107 publicam
1937 1012 2211 1083 nemini
2258 1035 2442 1106 pro-

270 1109 445 1204 pter
508 1104 1031 1203 paupertatem
1092 1107 1224 1178 aut
1270 1110 1582 1203 generis
1631 1102 2170 1180 obscuritatem
2219 1131 2441 1206 prae-

277 1202 556 1295 clusus,
605 1206 1084 1303 praemiaque
1134 1207 1211 1276 et
1260 1202 1590 1279 honores
1642 1205 1719 1275 in
1768 1200 2013 1276 medio
2061 1204 2296 1302 positi
2325 1230 2443 1278 es·-

277 1307 481 1391 sent,
557 1297 727 1371 binc
780 1297 1100 1373 honesta
1151 1303 1472 1373 omnium
1526 1299 1928 1373 aemulatio
1980 1296 2444 1374 accendeba-

271 1399 424 1491 tur,
473 1400 557 1468 ut
588 1399 943 1496 quantum
968 1399 1285 1496 possent
1319 1392 1602 1470 viribus
1637 1394 2199 1488 contenderent,
2247 1395 2447 1472 bene

274 1492 366 1566 de
413 1498 665 1592 patria
710 1499 982 1568 mereri
1031 1493 1462 1588 studerent,
1543 1519 1702 1567 rem
1767 1497 2131 1595 privatam
2187 1521 2276 1568 ac
2325 1493 2441 1567 fa-

271 1588 631 1664 miliarem
683 1596 922 1665 minus
972 1585 1132 1665 sere
1183 1617 1402 1692 quam
1453 1588 1826 1690 publicam
1876 1595 2124 1665 animo
2178 1594 2255 1666 et
2302 1618 2440 1664 vo-

272 1686 556 1761 luntate
606 1688 1259 1787 amplecterentur,
1311 1692 1584 1789 quique
1640 1688 1861 1763 aliter
1923 1715 1963 1761 a
2028 1692 2242 1763 erent
2291 1693 2440 1763 rei-

271 1811 415 1884 que
461 1782 810 1884 publicae
864 1812 1134 1884 opera,
1212 1785 1572 1879 consilio,
1650 1716 2131 1861 facultatiffius
2193 1791 2440 1861 inser·-

271 1886 432 1955 vire
460 1881 963 1982 negligerent,
990 1886 1247 1979 ignavi
1272 1891 1496 1985 atque
1527 1883 1830 1959 inutiles
1855 1881 2462 1979 haberentur·¹).,

269 1979 465 2052 Hinc
528 1979 729 2056 domi
776 1978 1181 2074 industria,
1256 1979 1445 2054 soris
1504 1985 1948 2056 strenuitate
2011 1984 2088 2056 et
2135 1980 2441 2055 fortitu-

272 2074 446 2148 dine
498 2080 819 2151 civitatis
871 2104 1056 2177 opes
1106 2083 1184 2154 et
1228 2076 1554 2178 gloriam
1604 2077 2023 2179 augebant,
2090 2081 2438 2176 nactique

267 2176 496 2246 maris
612 2177 1057 2274 rincipatum
1132 2181 1660 2277 sociorumque
1735 2176 2220 2276 plurimorum
2299 2180 2439 2249 tri-

271 2268 489 2355 buta,
560 2202 684 2345 bis
751 2270 1023 2347 divitiis
1070 2298 1230 2348 rem
1280 2271 1658 2371 publicam
1711 2277 1972 2347 ornari
2021 2276 2098 2348 et
2148 2276 2441 2372 augeri,

271 2394 489 2467 quam
538 2371 685 2467 ipsi
732 2374 1075 2468 privatim
1124 2368 1570 2467 locupletari
1595 2368 1994 2445 malebant.
2024 2413 2120 2428 —
2169 2371 2441 2472 Neque

272 2472 519 2540 tamen
568 2463 764 2539 mala
814 2467 1133 2544 tacenda
1181 2471 1392 2561 sunt,
1473 2466 1745 2575 quibus
1809 2466 2017 2542 bona
2088 2466 2216 2542 illa
2262 2494 2438 2567 per-

269 2567 510 2636 mixta
573 2573 649 2637 et
708 2591 891 2639 mox
951 2564 1114 2642 fere
1178 2564 1592 2640 obscurata
1667 2569 1744 2640 et
1808 2593 1905 2665 op
1964 2592 2176 2641 ressa
2231 2563 2438 2653 vide-

270 2685 472 2739 must
519 2665 905 2736 temeritas
956 2662 1444 2739 multitudinis
1492 2668 1572 2737 in
1610 2667 1874 2763 capien
1933 2667 1998 2738 is
2027 2662 2439 2737 mutandis-

274 2782 419 2857 que
469 2757 873 2834 identidem
924 2761 1257 2835 consiliis
1288 2763 1381 2857 2),
1451 2760 1900 2847 insatiabilis
1947 2762 2246 2860 gloriae
2299 2760 2439 2833 do-

269 2858 852 2957 minationisque
911 2862 991 2932 in
1053 2862 1362 2932 exteras
1435 2863 1778 2932 civitates
1841 2860 2153 2958 cupido,-
2227 2863 2437 2931 inso-

268 2948 501 3025 lentia
561 2951 919 3031 adversus
972 2953 1389 3047 subiectos,
1467 2953 1712 3028 facilis
1778 2955 1873 3029 ad
1936 2959 2436 3054 suspicionem

267 3053 592 3140 animus,
654 3054 722 3124 si
773 3049 949 3154 quid
1002 3051 1312 3127 officere
1361 3051 1975 3151 libertatixposse
2029 3051 2437 3144 videretur,

265 3143 438 3218 hinc
489 3151 710 3220 etiam
760 3151 1110 3246 ingratus
1158 3175 1704 3250 saepenumero
1752 3149 2115 3224 adversus
2159 3152 2438 3248 optime

266 3247 608 3336 meritoS,
676 3245 1090 3320 calumniae
1143 3249 1534 3342 credulus,
1617 3246 1714 3320 ad
1786 3246 2435 3320 condemnandum

268 3350 686 3439 promptus,
740 3346 1313 3441 magistratuum
1366 3350 1442 3419 et
1493 3346 1758 3418 ducum
1813 3348 2288 3418 auctoritatis
2318 3349 2432 3416 at-

269 3460 412 3535 que
461 3440 752 3538 imperii
802 3444 898 3512 im
959 3446 1238 3533 atienS,
1313 3442 1786 3516 adulatorum
1838 3447 1915 3518 et
1964 3442 2434 3540 demagogo-

265 3558 434 3606 rum
506 3533 792 3609 artibus
844 3565 890 3610 o
952 3542 1248 3617 noxius.
1345 3544 1597 3643 Atque
1647 3538 1834 3614 haec
1885 3543 2246 3640 imprimis
2298 3564 2431 3638 pe-

263 3632 402 3704 stis
479 3656 640 3705 rem
722 3632 1093 3732 publicam
1176 3639 1476 3738 penitus
1553 3639 1895 3737 corrupit
1956 3643 2430 3735 veteremque

262 3752 554 3803 morum
601 3727 1023 3808 bonitatem
1071 3731 1427 3829 foedavit,
1480 3761 1729 3836 quum,
1782 3738 1907 3834 qui
1945 3732 2145 3834 apud
2183 3731 2428 3806 bonos

260 3971 323 4021 in
360 3973 658 4025 tonstrinis
697 3972 938 4047 aliisque
973 3976 1226 4031 tabernis
1262 3977 1777 4033 confabulationes.
1849 3975 1939 4031 Cf.
1977 3977 2102 4029 intt.
2138 3973 2214 4027 ad
2245 3974 2425 4032 Arist.

258 4040 416 4096 Plut.
456 4061 511 4097 v,
548 4045 676 4098 338.
713 4047 785 4098 ad
824 4047 1110 4121 Theopbr.
1151 4048 1304 4103 cbar-
1340 4070 1387 4104 c.
1420 4054 1475 4104 5.
1514 4050 1767 4105 Dorvill.
1803 4048 1875 4102 ad
1914 4046 2131 4101 charit.
2167 4067 2225 4118 p.
2260 4046 2386 4102 275.

398 4147 464 4217 l)
505 4149 772 4222 Thucyd·
806 4153 882 4222 11,
916 4155 1008 4210 37.
1044 4158 1133 4211 40.
1205 4154 1354 4211 Plnt.
1391 4160 1624 4213 Menex.
1661 4176 1712 4210 c.
1740 4155 1792 4211 8.
1834 4158 1841 4165 ”

396 4253 461 4326 2)
502 4258 836 4329 Ταχῦβὸυλοι,
879 4260 1195 4331 μετάβουλυι,
1241 4264 1545 4334 κακόβουλοι
1574 4263 1963 4318 Athenienses
1999 4263 2207 4331 passim
2247 4279 2283 4313 a
2320 4277 2417 4312 co-

251 4328 415 4381 micis
464 4329 619 4384 dicti.
693 4331 831 4389 vid,
876 4333 1166 4406 Aristopb.
1210 4335 1457 4392 Achata.
1499 4356 1560 4392 v.
1606 4336 1730 4395 637.
1766 4334 1891 4390 639.
1945 4332 2161 4395 ‚Nabla
2198 4351 2256 4386 v.
2290 4332 2413 4387 588.

248 4398 470 4471 Equitt.
503 4420 562 4455 v.
599 4402 761 4459 1051.
827 4402 1051 4461 Eccles.
1085 4425 1144 4462 v.
1179 4407 1310 4466 497.
1387 4426 1390 4433 ’
