3067 4975
564 372 710 447 184
959 376 1044 449 V.
1091 376 1212 450 De
1258 400 1350 450 re
1382 376 1701 477 publica
1748 373 2340 450 Atheniensium.

572 551 765 628 duce
830 552 1164 656 Phylen,
1230 559 1521 630 Atticae
1574 553 1990 647 castellum,
2054 556 2495 656 occupavit,
2571 552 2749 628 inde

576 657 801 724 aucto
866 677 1177 725 numero
1240 655 1318 725 iu
1382 653 1777 725 Piraeeum
1841 655 2177 746 transiit,
2257 660 2751 752 tyrannorum

579 750 843 846 copias
917 746 1113 821 fudit
1183 773 1463 846 eosque
1539 752 1664 848 qui
1732 743 1997 821 urbem
2063 744 2420 822 tenebant
2477 751 2556 822 iu
2617 772 2751 822 eas

577 845 971 941 augustias
1020 841 1359 932 adduxit,
1426 850 1512 917 ut
1571 846 1884 942 triginta
1929 841 2038 915 illi
2095 841 2455 918 abdicare
2517 868 2752 938 coge·

574 946 843 1014 rentur
891 963 1164 1038 resque
1212 937 1516 1040 publica
1566 939 2034 1030 decemviris,
2083 937 2402 1034 singulis
2435 966 2535 1015 ex
2570 966 2752 1040 qua·

633 1062 728 1109 ue
777 1032 979 1128 tribu
1029 1034 1311 1132 electis,
1362 1039 1955 1111 committeretur
1981 1039 2098 1127 1⁶).
2201 1036 2359 1125 Qui
2389 1062 2611 1136 quum
2638 1038 2754 1109 ni-

638 1130 739 1205 ilo
798 1132 1261 1207 moderat-ius
1326 1141 1682 1232 agerent,
1744 1129 2045 1206 taudem
2106 1134 2430 1205 omnium
2492 1136 2756 1206 animis

579 1225 680 1301 ad
750 1229 1436 1307 reconciliationem
1513 1232 1919 1329 propensis
1947 1280 1971 1320 ,
2046 1226 2441 1304 adiuvante
2524 1232 2752 1303 etiam

576 1326 983 1421 Pausania,
1031 1352 1218 1425 rege
1268 1325 1853 1428 Spartanorum,
1900 1349 2059 1424 pax
2107 1328 2459 1399 convenit
2504 1322 2623 1398 his
2651 1323 2757 1399 le-

579 1420 835 1521 gibus,
883 1449 981 1498 ne
1031 1429 1199 1523 quis
1246 1426 1555 1524 praeter
1603 1426 1919 1521 triginta
1969 1430 2332 1521 tyrannos
2361 1431 2438 1495 et
2461 1420 2756 1496 decem-

583 1521 794 1593 viros
854 1526 1175 1621 propter
1236 1523 1410 1593 acta
1472 1545 1614 1593 sua
1672 1520 2068 1619 puniretur
2126 1544 2315 1593 neve
2365 1514 2572 1591 bona
2616 1544 2756 1617 pu-

461 1708 467 1713 ,
582 1610 1090 1785 ἒΙίοαῐθιιῑΤυτ,
1141 1615 1692 1692 administratio
1742 1619 1855 1692 rei
1900 1612 2249 1716 publicae
2274 1614 2559 1715 populo
2583 1612 2758 1690 red-

637 1717 937 1790 eretur¹
973 1726 1029 1801 ).

1513 1843 1576 1923 §.
1638 1828 1851 1907 XIV.

787 1958 986 2033 Hinc
1036 1958 1132 2033 ad
1182 1959 1396 2060 leges
1443 1958 1977 2036 instaurandas
2004 1956 2605 2058 supplendasque
2656 1959 2761 2031 ci-

530 2091 537 2101 ·
591 2053 787 2132 vitas
840 2081 1233 2132 conversa.
1330 2060 1744 2133 Decretum
1793 2060 2061 2157 igitur,
2110 2061 2197 2130 ut
2242 2055 2494 2154 legum
2543 2051 2762 2129 tabu-

587 2146 711 2223 lae
762 2158 1338 2229 recenserentur
1386 2153 1773 2254 novaeque
1838 2159 1902 2228 si
1965 2151 2237 2254 quibus
2303 2178 2496 2252 opus
2560 2152 2765 2226 esset

590 2245 1052 2323 adderentur
1083 2254 1165 2342 1).
1285 2254 1594 2328 Interim
1671 2253 1936 2351 viginti
2009 2255 2191 2325 viris
2263 2275 2390 2322 res
2461 2244 2765 2346 publica

591 2350 1075 2422 committitur
1102 2349 1195 2447 2).
1294 2352 1416 2424 lta
1484 2346 1690 2423 brevi
1750 2347 2119 2447 populare
2182 2348 2573 2446 imperium
2638 2369 2762 2419 re·

587 2443 973 2541 stitutum,
1059 2451 1179 2522 cui
1258 2444 1670 2521 salubriter
1743 2443 2229 2546 temperando
2300 2442 2477 2517 licet
2548 2448 2762 2516 vetus

586 2542 999 2640 Areopago
1076 2547 1493 2619 auctoritas
1570 2543 1967 2643 legumque
2040 2547 2119 2617 et
2186 2542 2764 2639 magistratuum

586 2636 936 2711 custodia
984 2639 1282 2715 reddita
1331 2645 1431 2715 sit
1457 2644 1562 2734 3),
1628 2667 1893 2740 parum
1956 2648 2207 2714 tamen
2268 2637 2389 2712 hic
2451 2643 2761 2711 senatus

587 2731 938 2808 sufficere
983 2741 1230 2835 potuit
1292 2741 1582 2811 mutata
1644 2764 1962 2837 prorsus
2024 2740 2442 2836 temporum
2508 2731 2766 2808 condi-

591 2832 808 2905 cione
860 2840 934 2904 et
983 2836 1304 2909 civitatis
1353 2834 1572 2910 facie.
1697 2837 1892 2909 Nam
1958 2860 2055 2908 ne
2121 2832 2574 2932 depravatos
2624 2855 2766 2928 per

590 2924 827 3026 longa
874 2928 1389 3006 infaustissimi
1439 2929 1622 3005 belli
1670 2931 1893 3025 mala,
1941 2938 2026 3004 ut
2069 2938 2493 3006 ceterorum
2523 2927 2763 3000 Grae·

589 3048 847 3113 corum
897 3031 1263 3122 omnium,
1326 3033 1432 3103 ita
1496 3028 2062 3103 Atheniensium
2120 3051 2376 3101 mores
2444 3048 2765 3096 comme-

592 3144 874 3195 morem
900 3122 1005 3217 ⁴),
1075 3134 1418 3200 creverat
1475 3126 1790 3200 Athenis
1848 3121 2292 3224 plebeculae
2348 3117 2770 3212 multitudo,

732 3324 832 3397 16)
870 3300 1027 3384 Xen.
1059 3331 1217 3387 lien.
1254 3335 1332 3403 11,
1368 3333 1422 3402 4,
1451 3335 1542 3392 23.
1580 3334 1668 3388 24.
1739 3333 2021 3405 Harpocr.
2051 3349 2103 3405 ρ.
2138 3347 2197 3386 v.
2234 3328 2363 3384 δέκα
2397 3328 2490 3384 καὶ
2522 3327 2765 3384 denudo?-
2805 3396 2820 3403 ,

581 3412 696 3468 κοΐ.
767 3399 910 3457 Lex.
950 3403 1191 3473 Seguer.
1230 3425 1287 3480 Ρ.
1325 3407 1450 3462 235.
1518 3408 1788 3463 Sient&
1811 3424 1872 3476 Ρ.
1906 3404 1979 3458 55
2015 3407 2162 3457 extr·
2201 3409 2260 3455 et
2294 3422 2349 3473 p.
2392 3403 2511 3456 100.

738 3500 837 3575 17)
876 3507 966 3563 cf.
1004 3510 1205 3563 Meier.
1249 3511 1321 3565 de
1356 3513 1491 3566 bon.
1530 3512 1721 3567 damn.
1756 3532 1814 3585 Ρ.
1855 3511 1981 3566 187.
2052 3507 2291 3563 Ullrich.
2328 3508 2401 3562 de
2435 3507 2764 3561 undecimv.

590 3595 649 3650 Ρ.
684 3576 809 3632 259.
878 3579 1133 3636 steven.
1167 3602 1223 3655 Ρ.
1259 3584 1349 3653 57,
1388 3592 1447 3641 et
1481 3583 1553 3638 de
1588 3585 1841 3659 ἀμνηστίᾳ
1875 3599 2073 3655 paoem
2110 3587 2357 3652 sequuta
2390 3600 2445 3652 Ρ.
2483 3580 2573 3635 58.

733 3680 796 3754 1)
834 3686 1230 3743 Andocid.·de
1266 3709 1320 3743 m
1365 3697 1435 3745 st.
1475 3686 1530 3760 ᾖ.
1566 3690 1635 3746 81
1672 3709 1795 3763 sqq.
1873 3689 1965 3746 Cf.
2004 3688 2075 3741 de
2115 3689 2330 3741 comitt-
2368 3684 2508 3740 Ath.
2543 3705 2601 3758 Ρ.
2636 3685 2762 3740 270.

589 3753 804 3825 Bergk.
841 3758 915 3811 ad
948 3760 1171 3819 Audon.
1210 3780 1266 3834 Ρ.
1305 3708 1413 3817 123
1446 3782 1572 3835 sqq.
1923 3792 1928 3795 ·
2444 3762 2452 3771 ’

732 3859 796 3933 2)
833 3865 1055 3922 Andoc.
1092 3867 1133 3920 1.
1171 3867 1213 3923 l.
1285 3866 1501 3921 Pollux
1534 3870 1703 3933 vm,
1744 3867 1866 3923 112.
1939 3867 2064 3920 Hos
2101 3866 2360 3936 sequitur
2396 3861 2610 3919 archon
2644 3860 2767 3914 Eu-

583 3929 785 3998 omen,
823 3935 895 3989 de
930 3954 1044 4002 quo
1078 3938 1199 3993 vid.
1235 3938 1350 3993 ιο..
1388 3959 1422 3994 a
1447 3940 1625 3994 cunt.
1665 3942 1759 3997 eit.
1795 3942 1955 3994 rm.
1978 3935 2132 3990 Hell.
2157 3955 2210 4007 p.
2237 3934 2325 3989 92.
2352 3935 2438 3990 94.
2494 3933 2585 3991 cf.
2623 3934 2766 3986 wi.

592 4001 775 4060 chors.
815 4006 888 4061 ad
926 4007 1283 4083 Theopomp.
1319 4010 1392 4066 fr.
1432 4025 1488 4077 p.
1525 4012 1616 4066 94.
1655 4012 1777 4067 218.
1846 4012 2036 4063 Marx.
2076 4006 2151 4059 ad
2194 4004 2405 4078 Ephor.
2442 4005 2511 4058 fr.
2546 4023 2603 4077 p.
2643 4004 2764 4060 240.

588 4075 961 4225 fggzsfilln’zfle
996 4080 1195 4138 histor.
1232 4084 1403 4141 Hom.
1441 4085 1473 4137 1
1506 4103 1562 4160 Ρ.
1599 4085 1723 4142 101.
1794 4074 2113 4158 Wyttenl).
2149 4077 2222 4133 ad
2257 4078 2412 4133 Plut.
2448 4078 2601 4134 Mor.
2638 4077 2669 4131 1
2703 4094 2763 4151 Ρ.

723 4255 783 4325 3)
820 4257 1046 4317 Andoo.
1080 4257 1124 4311 1.
1159 4257 1204 4314 1.
1985 4278 1990 4282 ·

717 4363 776 4433 4)
815 4361 1363 4438 Of.2Wach⁸muth.
1401 4367 1450 4436 1,
1483 4367 1521 4422 2
1552 4385 1612 4442 Ρ.
1650 4363 1754 4421 141
1794 4383 1916 4437 sqq.
1953 4363 2058 4420 151
2096 4382 2220 4440 sqq.
