3067 4975
655 384 752 458 44
872 421 885 440 ·
1097 387 1220 465 ΙΙ.
1290 386 1413 461 De
1464 385 1946 463 Graecorum
1991 337 2377 492 stoi-pibus.

653 567 806 643 lum
853 567 1104 668 aplius
1151 595 1428 646 nomen
1477 572 1798 644 inveniri
1844 574 2115 669 posset
2158 575 2535 650 universis
2586 565 2828 649 Grae-

656 671 817 741 ciae
879 695 981 767 po
1039 667 1183 741 ulis
1253 664 1777 766 designandis:
1855 669 1934 741 et
1995 673 2440 769 usurpatum
2500 673 2612 745 ita
2670 675 2827 770 pri·-

652 790 854 838 mum
930 791 974 838 a
1092 763 1431 839 Hesiodo
1508 766 1587 838 et
1656 761 2110 842 Archilocho
2187 794 2359 843 esse
2431 768 2707 842 dicitur
2733 769 2826 860 ⁸).

585 902 593 928 ι
650 860 1038 937 Hesiodus
1087 865 1312 957 etiam
1359 866 1650 961 primus
1701 864 1834 935 aut
1897 868 2307 963 praecipue
2358 866 2828 940 Graecorum

554 1035 557 1038 .
650 958 1107 1059 populorum
1155 962 1497 1058 origines
1548 955 1975 1037 Hellenicas
2024 959 2396 1038 fabulosis
2457 959 2825 1060 genealo-

651 1062 804 1157 giis
847 1055 1278 1133 celebrasse
1322 1054 1646 1131 videtur.
1718 1056 1915 1129 Nam
1944 1082 2169 1158 quum
2197 1061 2559 1160 quattuor
2585 1059 2827 1133 Grae·-

654 1165 915 1230 corum
968 1156 1107 1231 stir
1162 1180 1246 1228 es
1311 1155 1807 1252 agnosceret,
1863 1153 2324 1249 ‚Aeolenses,
2385 1158 2831 1247 Dorienses,

653 1253 932 1344 Ione&
997 1256 1107 1327 Ac
1161 1277 1386 1341 aeos,
1439 1249 1579 1323 has
1632 1275 1891 1324 omues
1941 1248 2040 1324 ah
2071 1251 2429 1327 Hellenis
2475 1251 2651 1327 filiis
2699 1253 2834 1326 aut

651 1347 963 1525 ἳὲἒέἓῗὲ
968 1348 2698 1546 ¹¹⁸02ipiiiff1‘53u'nfpssssmpssffiaflssifflfssss'tff
2706 1375 2833 1520 ἵζ’

653 1549 900 1639 cit10).
1069 1543 1148 1618 lii
1195 1544 1444 1617 lamen
1505 1567 1752 1642 neque
1798 1541 2275 1620 Aeolensium
2351 1570 2598 1648 neque
2631 1546 2827 1617 ,Do-

650 1648 1012 1720 riensium
1070 1666 1314 1741 neque
1377 1639 1855 1714 Achaeorum
1921 1644 2290 1738 originem
2357 1639 2452 1718 ab
2513 1640 2828 1716 Bellene

541 1801 544 1806 .
653 1740 1074 1834 deducunt,
1153 1737 1288 1812 sed
1350 1736 1669 1811 Aeolum
1726 1738 1984 1832 Jovis,
2063 1739 2361 1813 Dorum
2430 1737 2829 1838 Apollinis,

649 1838 1033 1913 Achaeum
1081 1836 1417 1935 Neptuni
1463 1834 1698 1908 filium
1749 1832 2189 1928 faciunt¹¹)=
2237 1863 2485 1939 neque
2521 1833 2828 1911 dubium

630 1938 775 2012 est
825 1938 1000 2037 quin
1051 1935 1297 2009 Iones·
1343 1957 1647 2035 quoque
1697 1958 1745 2005 a
1801 1930 2142 2032 plurimis
2206 1960 2361 2008 uon
2426 1930 2523 2008 ab
2574 1933 2828 2008 Helle-

648 2038 770 2107 nis
830 2027 1158 2133 quodam
1221 2037 1534 2128 nepote,
1595 2028 1732 2105 sed
1798 2028 1896 2103 ab
1949 2029 2324 2130 Apollinis
2386 2030 2544 2105 filio
2607 2056 2828 2130 repe-

629 2135 771 2207 titi
834 2128 1133 2220 siut¹2).
1243 2125 1636 2202 Hellenem
1705 2128 1955 2203 autem
2017 2131 2266 2226 ipsum
2332 2127 2641 2204 fuerunt
2703 2131 2831 2229 qui

626 2376 919 2431 ‘distincta
951 2375 1161 2430 fuisset
1197 2392 1540 2448 quamquam
1575 2379 1795 2446 postea,
1830 2380 1897 2429 ut
1917 2376 2149 2429 nomine
2172 2377 2254 2430 ita
2274 2375 2450 2429 sacris
2481 2394 2607 2427 cum
2648 2376 2830 2429 omni-

648 2449 760 2503 hus
796 2451 1245 2513 communicatis,
1279 2450 1559 2520 pristinae
1593 2447 2030 2518 significationis
2066 2450 2342 2502 memoria
2367 2445 2697 2502 oblitterata
2720 2453 2830 2501 est.

778 2537 857 2606 ,8)
897 2539 1091 2592 sen-ah.
1125 2540 1297 2602 VIII,
1334 2539 1371 2593 6
1405 2558 1459 2610 p.
1494 2537 1624 2592 370.
1663 2565 1732 2578 —-
1767 2541 2084 2603 Πανέλληνες
2114 2537 2209 2591 καὶ
2236 2535 2434 2608 Ἀχαιοὶ
2477 2540 2589 2591 iam
2624 2540 2686 2591 in
2719 2554 2828 2590 na-

648 2607 807 2663 vium
845 2610 1112 2681 catalogo
1147 2609 1218 2663 ll.
1241 2612 1317 2677 11,
1352 2612 1461 2664 530
1498 2619 2037 2678 commemorantur,
2071 2613 2208 2662 item
2226 2611 2541 2676 Πανέλληνες
2554 2610 2625 2661 de
2643 2612 2828 2663 omni·

646 2678 758 2735 bus
796 2684 1035 2736 Graecis
1073 2700 1162 2753 ap.
1195 2682 1436 2736 Hesiod.
1477 2682 1544 2733 Ο.
1584 2689 1642 2734 et
1676 2682 1748 2733 D.
1786 2701 1840 2733 v.
1879 2683 2005 2738 527.
2069 2677 2245 2737 Ἑλλὰς
2277 2687 2334 2733 et
2356 2678 2538 2754 Ἄργος
2579 2680 2651 2733 de
2698 2683 2829 2733 uni-

643 2769 823 2807 versa
858 2755 1104 2808 Graecia
1124 2752 1462 2823 Odyss.lV,
1498 2752 1621 2806 726.
1660 2751 1786 2807 816.
1825 2754 1966 2819 XV,
2002 2753 2089 2819 80,
2127 2752 2228 2805 uhi
2265 2755 2369 2805 vix
2403 2751 2574 2805 credo
2605 2749 2834 2807 Ἐλλάδα

650 2825 833 2879 solam
895 2824 1259 2879 Thessaliam
1314 2824 1640 2892 significare
1700 2819 2007 2889 (Mueller.
2051 2826 2259 2894 Aegin.
2296 2843 2352 2893 Ρ.
2394 2823 2516 2892 15.)
2563 2832 2621 2878 et
2656 2822 2838 2883 Ἑλλὰς

649 2897 837 2951 solum
886 2916 976 2971 ap.
1023 2897 1261 2951 Hesiod.
1315 2897 1386 2949 Ο.
1424 2903 1483 2949 et
1516 2898 1595 2951 D.
1641 2915 1697 2948 v.
1746 2895 1870 2953 652.
1944 2897 2038 2953 Cf.
2086 2901 2145 2948 ct
2189 2893 2454 2949 Nitzsch.
2494 2894 2568 2948 ad
2617 2898 2830 2966 Odyss-

643 2974 783 3024 tom.
817 2972 848 3023 1
882 2990 936 3042 Ρ.
971 2970 1061 3023 55.

790 3061 852 3129 9)
893 3054 1132 3112 Hesiod.
1174 3055 1245 3109 fr.
1292 3075 1384 3127 ap.
1430 3057 1635 3110 Tzetz.
1673 3053 1750 3109 ad
1784 3054 2076 3129 Lycophr.
2113 3075 2173 3110 v.
2206 3054 2330 3113 284.
2388 3053 2731 3128 (Goettling.
2766 3079 2826 3132 Ρ.

643 3134 773 3191 210.
810 3131 1126 3187 Lehmann.
1162 3128 1235 3181 de
1270 3128 1513 3182 Hesiodi
1550 3147 1724 3181 carm.
1760 3127 1916 3199 perd.
1955 3148 2013 3200 p.
2050 3129 2168 3195 25.)

797 3222 889 3290 10)
927 3218 1165 3275 Hesiod.
1213 3236 1302 3288 ap.
1357 3214 1535 3269 schol.
1571 3214 1847 3288 Apollon.
1879 3214 1999 3269 Rh.
2047 3217 2139 3270 111
2183 3236 2241 3289 Ρ.
2286 3217 2429 3272 1086
2476 3215 2731 3284 (Gaetu.
2765 3237 2824 3289 Ρ.

649 3291 808 3361 210.)
854 3293 955 3346 uhi
1000 3309 1105 3363 pro
1146 3291 1477 3363 Προμηθέως
1512 3286 1608 3342 καὶ
1650 3287 1868 3362 Πῦρῤας
1913 3306 2007 3340 res
2065 3291 2193 3360 ipsa
2244 3288 2418 3343 docet
2458 3289 2825 3343 scribendum

655 3384 781 3419 esse
825 3365 1170 3418 Δευκαλίωνος
1204 3361 1300 3414 καὶ
1341 3358 1572 3433 Πῦρῤας.
1647 3359 1738 3414 Cf.
1786 3357 1969 3413 schol.
2006 3361 2276 3415 Amin-os.
2318 3361 2392 3414 ad
2428 3361 2637 3432 odyss.
2673 3361 2752 3427 X,
2788 3363 2830 3415 2

645 3457 702 3509 Ρ.
742 3437 850 3492 330
888 3438 1103 3488 Buttm.
1139 3458 1209 3470 -
1267 3431 1494 3502 Pyrrha
1525 3435 1654 3503 ipsa
1688 3429 1833 3484 nihil
1869 3432 2025 3485 aliud
2060 3435 2172 3486 nisi
2209 3431 2571 3505 Thessaliam
2606 3432 2827 3501 signifi-

652 3515 746 3562 cat
784 3506 925 3575 (vid.
962 3505 1174 3560 Rhian.
1213 3521 1302 3625 ap.
1338 3501 1520 3556 schol.
1559 3502 1833 3574 Apollon.
1867 3502 1913 3558 l.
1949 3504 1988 3560 l.
2027 3521 2083 3556 v.
2125 3503 2313 3572 1090.)
2367 3511 2424 3558 et
2458 3502 2828 3574 fuit-Pyrrha

649 3581 787 3634 olim
831 3578 971 3632 urhs
1023 3573 1246 3630 Thessa
1274 3575 1388 3639 iae,
1436 3584 1641 3645 postea
1673 3574 1906 3640 Melite,
1953 3575 2054 3628 uhi
2102 3578 2273 3628 etiam
2317 3575 2577 3648 sepultus
2612 3575 2827 3629 Hellen

647 3652 976 3726 putabatur.
1046 3646 1240 3700 Strah.
1281 3646 1403 3706 lx,
1437 3646 1472 3697 5
1509 3666 1566 3720 p.
1603 3646 1728 3699 432.
1801 3648 2033 3718 Quippe
2078 3650 2139 3699 in
2186 3646 2491 3701 Thessalia
2587 3647 2828 3717 lerique,

650 3730 710 3776 et
745 3724 973 3795 quidem
1009 3723 1071 3774 in
1107 3720 1285 3771 Dotio
1322 3735 1541 3787 campo,
1579 3721 1675 3788 qui
1712 3737 1844 3788 pars
1882 3728 1969 3771 est
1993 3721 2176 3787 campi
2211 3719 2496 3788 Pelasgici
2561 3719 2827 3774 Mueller.

645 3796 857 3862 Aegin.
899 3813 957 3865 p.
994 3789 1110 3858 17.)
1149 3808 1299 3856 non,
1353 3807 1483 3845 cum
1524 3789 1874 3858 Aristotele,
1920 3792 1983 3843 in
2030 3791 2210 3863 Epiro
2256 3790 2596 3845 Hellenicae
2636 3794 2827 3861 gentis

648 3869 901 3935 origines
934 3863 1282 3917 statuebant.

793 3952 887 4021 ll)
925 3954 1123 4024 Eurip.
1159 3952 1298 4005 Jon.
1330 3970 1388 4003 v.
1426 3950 1515 4006 63.
1550 3949 1826 4023 Apollod.
1864 3950 1916 4017 l,
1953 3950 2006 4019 7,
2042 3951 2094 4005 6.
2138 3933 2387 4020 Dionys·
2418 3952 2495 4006 A.
2529 3951 2609 4004 R.
2646 3952 2698 4017 1,
2739 3951 2825 4008 17.

722 4040 757 4075 -’
790 4041 887 4110 12)
927 4039 1179 4094 Xuthum
1224 4044 1411 4111 ipsum
1457 4059 1581 4094 non
1624 4040 1802 4093 alium
1850 4058 2020 4112 quam
2054 4039 2387 4111 Apollinem
2437 4057 2471 4090 a
2503 4041 2700 4111 primis
2736 4037 2822 4090 fa-

645 4113 820 4169 bulae
877 4113 1279 4167 inventoribus
1339 4113 1556 4166 dictum
1616 4130 1742 4165 esse
1790 4111 1963 4164 credo
2012 4130 2142 4164 cum
2183 4111 2473 4165 Muellero
2521 4113 2661 4162 Dor.
2697 4110 2729 4162 1
2802 4147 2821 4162 .

646 4186 771 4242 239.
843 4183 1112 4253 Prolegg.
1149 4182 1324 4253 myth.
1361 4204 1415 4256 p.
1449 4186 1575 4238 274.
1651 4183 1772 4237 Sed
1806 4183 2044 4237 fuerunt
2077 4183 2323 4237 fortasse
2356 4184 2524 4234 etiam
2562 4182 2709 4234 aliae
2747 4129 2820 4234 «fe

643 4260 879 4316 Ionicae
917 4259 1104 4325 gentis
1131 4256 1447 4323 originibus
1469 4253 1723 4321 fabulae,
1758 4273 1997 4326 quarum
2031 4256 2276 4321 vestigia
2311 4255 2695 4306 Buttmannus
2721 4253 2822 4304 de-

647 4336 968 4383 monstrare
1009 4336 1249 4386 conatur
1282 4330 1344 4379 in
1381 4329 1602 4380 dissert.
1638 4327 1784 4380 iiber
1819 4327 1912 4379 die
1950 4324 2270 4396 mythische
2295 4324 2680 4393 Verbindung
2713 4343 2820 4376 zw-

646 4403 885 4474 Europa
921 4400 1042 4454 nnd
1076 4398 1276 4468 Asien,
1314 4401 1376 4455 iu
1416 4401 1638 4454 comm.
1675 4398 1855 4454 Acad.
1892 4399 2132 4453 Boruss.
2161 4397 2321 4453 1818.
2352 4397 2437 4453 19.
2474 4409 2532 4463 P.
2560 4397 2668 4451 228
2695 4413 2820 4468 sqq.
