<?xml version="1.0" encoding="UTF-8"?>
<!DOCTYPE html PUBLIC "-//W3C//DTD XHTML 1.0 Transitional//EN"
    "http://www.w3.org/TR/xhtml1/DTD/xhtml1-transitional.dtd">
<html xmlns="http://www.w3.org/1999/xhtml" xml:lang="en" lang="en">
 <head>
  <title>
</title>
<meta http-equiv="Content-Type" content="text/html;charset=utf-8" />
  <meta name='ocr-system' content='tesseract 3.04.00' />
  <meta name='ocr-capabilities' content='ocr_page ocr_carea ocr_par ocr_line ocrx_word'/>
</head>
<body>
  <div class='ocr_page' id='page_1' title='image "antiquitatesiur00schgoog_0341.png"; bbox 0 0 3067 4975; ppageno 0'>
   <div class='ocr_carea' id='block_1_1' title="bbox 866 362 2533 465">
    <p class='ocr_par' dir='ltr' id='par_1_1' title="bbox 866 362 2533 465">
     <span class='ocr_line' id='line_1_1' title="bbox 866 362 2533 465; baseline 0.002 -26"><span class='ocrx_word' id='word_1_1' title='bbox 866 365 942 439; x_wconf 88' lang='grc'><strong>8.</strong></span> <span class='ocrx_word' id='word_1_2' title='bbox 990 365 1110 439; x_wconf 80' lang='lat' dir='ltr'><strong>De</strong></span> <span class='ocrx_word' id='word_1_3' title='bbox 1158 362 1566 464; x_wconf 62' lang='lat' dir='ltr'><strong>disciplina</strong></span> <span class='ocrx_word' id='word_1_4' title='bbox 1599 365 1939 465; x_wconf 67' lang='lat' dir='ltr'><strong>publica.</strong></span> <span class='ocrx_word' id='word_1_5' title='bbox 2387 362 2533 442; x_wconf 70' lang='lat'><strong>331</strong></span> 
     </span>
    </p>
   </div>
   <div class='ocr_carea' id='block_1_2' title="bbox 355 542 2554 1039">
    <p class='ocr_par' dir='ltr' id='par_1_2' title="bbox 355 542 2554 1039">
     <span class='ocr_line' id='line_1_2' title="bbox 356 542 2533 651; baseline -0 -25"><span class='ocrx_word' id='word_1_6' title='bbox 356 550 740 627; x_wconf 86' lang='lat' dir='ltr'><strong>manitatis</strong></span> <span class='ocrx_word' id='word_1_7' title='bbox 797 545 996 621; x_wconf 80' lang='lat' dir='ltr'><strong>hona</strong></span> <span class='ocrx_word' id='word_1_8' title='bbox 1043 542 1552 644; x_wconf 78' lang='lat' dir='ltr'><strong>&#39;multipliciter</strong></span> <span class='ocrx_word' id='word_1_9' title='bbox 1597 550 2110 647; x_wconf 72' lang='lat' dir='ltr'>provenirent,</span> <span class='ocrx_word' id='word_1_10' title='bbox 2176 555 2533 651; x_wconf 80' lang='lat' dir='ltr'><strong>recteque</strong></span> 
     </span>
     <span class='ocr_line' id='line_1_3' title="bbox 355 641 2534 743; baseline -0.001 -20"><span class='ocrx_word' id='word_1_11' title='bbox 355 648 536 723; x_wconf 89' lang='lat' dir='ltr'><strong>illud</strong></span> <span class='ocrx_word' id='word_1_12' title='bbox 589 646 1007 737; x_wconf 83' lang='lat' dir='ltr'><strong>diceretur,</strong></span> <span class='ocrx_word' id='word_1_13' title='bbox 1085 646 1209 743; x_wconf 86' lang='lat' dir='ltr'><strong>qui</strong></span> <span class='ocrx_word' id='word_1_14' title='bbox 1259 641 1580 717; x_wconf 78' lang='lat' dir='ltr'><strong>Athenis</strong></span> <span class='ocrx_word' id='word_1_15' title='bbox 1639 647 1782 719; x_wconf 76' lang='lat' dir='ltr'><strong>&#39;viri</strong></span> <span class='ocrx_word' id='word_1_16' title='bbox 1838 642 2028 719; x_wconf 86' lang='lat' dir='ltr'><strong>boni</strong></span> <span class='ocrx_word' id='word_1_17' title='bbox 2091 650 2534 737; x_wconf 85' lang='lat' dir='ltr'><strong>existerent,</strong></span> 
     </span>
     <span class='ocr_line' id='line_1_4' title="bbox 360 740 2536 842; baseline -0.002 -21"><span class='ocrx_word' id='word_1_18' title='bbox 360 773 453 821; x_wconf 90' lang='lat' dir='ltr'><strong>eo</strong></span> <span class='ocrx_word' id='word_1_19' title='bbox 507 748 778 818; x_wconf 83' lang='lat' dir='ltr'><strong>ceteris</strong></span> <span class='ocrx_word' id='word_1_20' title='bbox 830 742 1427 841; x_wconf 68' lang='lat' dir='ltr'><strong>praestantiores</strong></span> <span class='ocrx_word' id='word_1_21' title='bbox 1472 768 1673 834; x_wconf 81' lang='lat' dir='ltr'><strong>esse,</strong></span> <span class='ocrx_word' id='word_1_22' title='bbox 1725 740 1930 842; x_wconf 85' lang='lat' dir='ltr'><strong>quod</strong></span> <span class='ocrx_word' id='word_1_23' title='bbox 1980 746 2326 819; x_wconf 85' lang='lat' dir='ltr'><strong>virtutem</strong></span> <span class='ocrx_word' id='word_1_24' title='bbox 2375 772 2536 818; x_wconf 91' lang='lat' dir='ltr'><strong>-non</strong></span> 
     </span>
     <span class='ocr_line' id='line_1_5' title="bbox 357 836 2536 942; baseline -0 -26"><span class='ocrx_word' id='word_1_25' title='bbox 357 845 834 917; x_wconf 83' lang='lat' dir='ltr'><strong>extrinsecus</strong></span> <span class='ocrx_word' id='word_1_26' title='bbox 881 836 1224 930; x_wconf 83' lang='lat' dir='ltr'><strong>inditam,</strong></span> <span class='ocrx_word' id='word_1_27' title='bbox 1303 836 1438 911; x_wconf 90' lang='lat' dir='ltr'><strong>sed</strong></span> <span class='ocrx_word' id='word_1_28' title='bbox 1492 837 1734 913; x_wconf 82' lang='lat' dir='ltr'><strong>libere</strong></span> <span class='ocrx_word' id='word_1_29' title='bbox 1800 845 1879 914; x_wconf 91' lang='lat' dir='ltr'><strong>et</strong></span> <span class='ocrx_word' id='word_1_30' title='bbox 1941 842 2210 941; x_wconf 88' lang='lat' dir='ltr'><strong>suapte</strong></span> <span class='ocrx_word' id='word_1_31' title='bbox 2261 845 2536 942; x_wconf 83' lang='lat' dir='ltr'><strong>sponte</strong></span> 
     </span>
     <span class='ocr_line' id='line_1_6' title="bbox 355 932 2554 1039; baseline -0 -26"><span class='ocrx_word' id='word_1_32' title='bbox 355 941 789 1039; x_wconf 77' lang='lat' dir='ltr'><strong>susceptam</strong></span> <span class='ocrx_word' id='word_1_33' title='bbox 842 962 934 1010; x_wconf 92' lang='lat' dir='ltr'><strong>ac</strong></span> <span class='ocrx_word' id='word_1_34' title='bbox 980 932 1401 1011; x_wconf 82' lang='lat' dir='ltr'><strong>naturalem</strong></span> <span class='ocrx_word' id='word_1_35' title='bbox 1452 934 1825 1013; x_wconf 86' lang='lat' dir='ltr'><strong>haherent</strong></span> <span class='ocrx_word' id='word_1_36' title='bbox 1855 939 1945 1037; x_wconf 85' lang='lat'><strong>¹).</strong></span> <span class='ocrx_word' id='word_1_37' title='bbox 2547 965 2554 972; x_wconf 86' lang='lat'><strong>·</strong></span> 
     </span>
    </p>
   </div>
   <div class='ocr_carea' id='block_1_3' title="bbox 1178 1138 1709 1228">
    <p class='ocr_par' dir='ltr' id='par_1_3' title="bbox 1178 1138 1709 1228">
     <span class='ocr_line' id='line_1_7' title="bbox 1178 1138 1709 1228; baseline 0.008 -10"><span class='ocrx_word' id='word_1_38' title='bbox 1178 1146 1241 1228; x_wconf 68' lang='lat'><strong>5.</strong></span> <span class='ocrx_word' id='word_1_39' title='bbox 1304 1138 1709 1224; x_wconf 87' lang='lat' dir='ltr'><strong>LXXXII.</strong></span> 
     </span>
    </p>
   </div>
   <div class='ocr_carea' id='block_1_4' title="bbox 356 1284 2646 2461">
    <p class='ocr_par' dir='ltr' id='par_1_4' title="bbox 356 1284 2646 2461">
     <span class='ocr_line' id='line_1_8' title="bbox 549 1284 2537 1390; baseline -0.002 -24"><span class='ocrx_word' id='word_1_40' title='bbox 549 1291 714 1368; x_wconf 83' lang='lat' dir='ltr'><strong>Jam</strong></span> <span class='ocrx_word' id='word_1_41' title='bbox 760 1291 1078 1389; x_wconf 90' lang='lat' dir='ltr'><strong>primum</strong></span> <span class='ocrx_word' id='word_1_42' title='bbox 1124 1287 1455 1365; x_wconf 84' lang='lat' dir='ltr'><strong>infantes</strong></span> <span class='ocrx_word' id='word_1_43' title='bbox 1500 1290 1916 1369; x_wconf 85' lang='lat' dir='ltr'><strong>tollendine</strong></span> <span class='ocrx_word' id='word_1_44' title='bbox 1965 1317 2064 1366; x_wconf 90' lang='lat' dir='ltr'><strong>an</strong></span> <span class='ocrx_word' id='word_1_45' title='bbox 2107 1284 2537 1390; x_wconf 82' lang='lat' dir='ltr'><strong>exponendi</strong></span> 
     </span>
     <span class='ocr_line' id='line_1_9' title="bbox 360 1384 2538 1487; baseline -0.003 -23"><span class='ocrx_word' id='word_1_46' title='bbox 360 1388 643 1479; x_wconf 88' lang='lat' dir='ltr'><strong>essent,</strong></span> <span class='ocrx_word' id='word_1_47' title='bbox 694 1414 847 1460; x_wconf 89' lang='lat' dir='ltr'><strong>non</strong></span> <span class='ocrx_word' id='word_1_48' title='bbox 895 1385 1221 1486; x_wconf 89' lang='lat' dir='ltr'><strong>publica,</strong></span> <span class='ocrx_word' id='word_1_49' title='bbox 1268 1394 1354 1460; x_wconf 92' lang='lat' dir='ltr'><strong>ut</strong></span> <span class='ocrx_word' id='word_1_50' title='bbox 1402 1388 1604 1487; x_wconf 88' lang='lat' dir='ltr'><strong>apud</strong></span> <span class='ocrx_word' id='word_1_51' title='bbox 1775 1395 2121 1484; x_wconf 89' lang='lat' dir='ltr'><strong>artanos,</strong></span> <span class='ocrx_word' id='word_1_52' title='bbox 2195 1384 2330 1461; x_wconf 89' lang='lat' dir='ltr'><strong>sed</strong></span> <span class='ocrx_word' id='word_1_53' title='bbox 2379 1389 2538 1483; x_wconf 89' lang='lat' dir='ltr'><strong>pri-</strong></span> 
     </span>
     <span class='ocr_line' id='line_1_10' title="bbox 358 1481 2646 1583; baseline -0.003 -24"><span class='ocrx_word' id='word_1_54' title='bbox 358 1486 535 1559; x_wconf 84' lang='lat' dir='ltr'><strong>vata</strong></span> <span class='ocrx_word' id='word_1_55' title='bbox 585 1493 749 1558; x_wconf 85' lang='lat' dir='ltr'><strong>erat</strong></span> <span class='ocrx_word' id='word_1_56' title='bbox 796 1488 1035 1583; x_wconf 88' lang='lat' dir='ltr'><strong>ipsius</strong></span> <span class='ocrx_word' id='word_1_57' title='bbox 1084 1488 1422 1582; x_wconf 89' lang='lat' dir='ltr'><strong>parentis</strong></span> <span class='ocrx_word' id='word_1_58' title='bbox 1472 1511 1709 1560; x_wconf 90' lang='lat' dir='ltr'><strong>consu</strong></span> <span class='ocrx_word' id='word_1_59' title='bbox 1747 1491 1932 1561; x_wconf 89' lang='lat' dir='ltr'><strong>tatio</strong></span> <span class='ocrx_word' id='word_1_60' title='bbox 1965 1489 2061 1582; x_wconf 88' lang='lat'><strong>¹).</strong></span> <span class='ocrx_word' id='word_1_61' title='bbox 2163 1481 2538 1558; x_wconf 85' lang='lat' dir='ltr'><strong>Sublatos</strong></span> <span class='ocrx_word' id='word_1_62' title='bbox 2639 1511 2646 1518; x_wconf 92' lang='lat'><strong>·</strong></span> 
     </span>
     <span class='ocr_line' id='line_1_11' title="bbox 359 1578 2539 1694; baseline -0.003 -36"><span class='ocrx_word' id='word_1_63' title='bbox 359 1580 645 1659; x_wconf 87' lang='lat' dir='ltr'><strong>liberos</strong></span> <span class='ocrx_word' id='word_1_64' title='bbox 695 1590 970 1680; x_wconf 87' lang='lat' dir='ltr'><strong>postea</strong></span> <span class='ocrx_word' id='word_1_65' title='bbox 1014 1582 1458 1657; x_wconf 83' lang='lat' dir='ltr'><strong>interimere</strong></span> <span class='ocrx_word' id='word_1_66' title='bbox 1495 1582 1943 1694; x_wconf 82' lang='lat' dir='ltr'><strong>parentibus</strong></span> <span class='ocrx_word' id='word_1_67' title='bbox 1975 1578 2172 1657; x_wconf 87' lang='lat' dir='ltr'><strong>haud</strong></span> <span class='ocrx_word' id='word_1_68' title='bbox 2199 1580 2412 1654; x_wconf 90' lang='lat' dir='ltr'><strong>licuit</strong></span> <span class='ocrx_word' id='word_1_69' title='bbox 2438 1579 2539 1674; x_wconf 83' lang='lat'><strong>2):</strong></span> 
     </span>
     <span class='ocr_line' id='line_1_12' title="bbox 359 1674 2543 1781; baseline -0.002 -28"><span class='ocrx_word' id='word_1_70' title='bbox 359 1681 715 1781; x_wconf 83' lang='lat' dir='ltr'><strong>poterant</strong></span> <span class='ocrx_word' id='word_1_71' title='bbox 779 1682 1024 1753; x_wconf 85' lang='lat' dir='ltr'><strong>tamen</strong></span> <span class='ocrx_word' id='word_1_72' title='bbox 1094 1674 1227 1750; x_wconf 85' lang='lat' dir='ltr'><strong>filii</strong></span> <span class='ocrx_word' id='word_1_73' title='bbox 1286 1675 1661 1770; x_wconf 86' lang='lat' dir='ltr'><strong>abdicari,</strong></span> <span class='ocrx_word' id='word_1_74' title='bbox 1722 1684 1788 1754; x_wconf 89' lang='lat' dir='ltr'><strong>si</strong></span> <span class='ocrx_word' id='word_1_75' title='bbox 1847 1682 2157 1779; x_wconf 80' lang='lat' dir='ltr'><strong>gravius</strong></span> <span class='ocrx_word' id='word_1_76' title='bbox 2228 1702 2543 1775; x_wconf 88' lang='lat' dir='ltr'><strong>peccas-</strong></span> 
     </span>
     <span class='ocr_line' id='line_1_13' title="bbox 358 1774 2539 1876; baseline -0.003 -25"><span class='ocrx_word' id='word_1_77' title='bbox 358 1785 529 1851; x_wconf 86' lang='lat' dir='ltr'><strong>sent</strong></span> <span class='ocrx_word' id='word_1_78' title='bbox 553 1776 659 1869; x_wconf 80' lang='grc'><strong>3),</strong></span> <span class='ocrx_word' id='word_1_79' title='bbox 733 1774 932 1850; x_wconf 84' lang='lat' dir='ltr'><strong>filiae</strong></span> <span class='ocrx_word' id='word_1_80' title='bbox 994 1777 1353 1874; x_wconf 88' lang='lat' dir='ltr'><strong>innuptae</strong></span> <span class='ocrx_word' id='word_1_81' title='bbox 1431 1800 1701 1850; x_wconf 87' lang='lat' dir='ltr'><strong>venum</strong></span> <span class='ocrx_word' id='word_1_82' title='bbox 1779 1774 1941 1851; x_wconf 89' lang='lat' dir='ltr'><strong>dari</strong></span> <span class='ocrx_word' id='word_1_83' title='bbox 2001 1775 2324 1876; x_wconf 90' lang='lat' dir='ltr'><strong>propter</strong></span> <span class='ocrx_word' id='word_1_84' title='bbox 2398 1777 2539 1846; x_wconf 89' lang='lat' dir='ltr'><strong>im-</strong></span> 
     </span>
     <span class='ocr_line' id='line_1_14' title="bbox 356 1869 2539 1973; baseline -0.003 -25"><span class='ocrx_word' id='word_1_85' title='bbox 356 1871 786 1973; x_wconf 82' lang='lat' dir='ltr'><strong>pudicitiam</strong></span> <span class='ocrx_word' id='word_1_86' title='bbox 812 1872 911 1967; x_wconf 69' lang='lat'><strong>4).</strong></span> <span class='ocrx_word' id='word_1_87' title='bbox 943 1916 1039 1930; x_wconf 89' lang='lat'><em>-</em></span> <span class='ocrx_word' id='word_1_88' title='bbox 1089 1869 1512 1971; x_wconf 70' lang='lat' dir='ltr'><strong>Disciplina</strong></span> <span class='ocrx_word' id='word_1_89' title='bbox 1561 1872 1873 1972; x_wconf 89' lang='lat' dir='ltr'><strong>puerilis</strong></span> <span class='ocrx_word' id='word_1_90' title='bbox 1910 1875 2338 1948; x_wconf 86' lang='lat' dir='ltr'><strong>tenuiorum</strong></span> <span class='ocrx_word' id='word_1_91' title='bbox 2376 1872 2539 1972; x_wconf 86' lang='lat' dir='ltr'><strong>qui-</strong></span> 
     </span>
     <span class='ocr_line' id='line_1_15' title="bbox 363 1966 2541 2072; baseline -0.002 -28"><span class='ocrx_word' id='word_1_92' title='bbox 363 1970 529 2044; x_wconf 89' lang='lat' dir='ltr'><strong>dem</strong></span> <span class='ocrx_word' id='word_1_93' title='bbox 580 1969 995 2062; x_wconf 88' lang='lat' dir='ltr'><strong>hominum,</strong></span> <span class='ocrx_word' id='word_1_94' title='bbox 1119 1995 1260 2043; x_wconf 92' lang='lat' dir='ltr'><strong>uos</strong></span> <span class='ocrx_word' id='word_1_95' title='bbox 1334 1972 1569 2042; x_wconf 83' lang='lat' dir='ltr'><strong>victus</strong></span> <span class='ocrx_word' id='word_1_96' title='bbox 1631 1968 2042 2072; x_wconf 83' lang='lat' dir='ltr'><strong>quaerendi</strong></span> <span class='ocrx_word' id='word_1_97' title='bbox 2104 1993 2287 2042; x_wconf 91' lang='lat' dir='ltr'><strong>cura</strong></span> <span class='ocrx_word' id='word_1_98' title='bbox 2353 1994 2401 2041; x_wconf 92' lang='lat' dir='ltr'><strong>a</strong></span> <span class='ocrx_word' id='word_1_99' title='bbox 2449 1966 2541 2040; x_wconf 86' lang='lat' dir='ltr'><strong>li·</strong></span> 
     </span>
     <span class='ocr_line' id='line_1_16' title="bbox 366 2062 2541 2159; baseline -0.002 -18"><span class='ocrx_word' id='word_1_100' title='bbox 366 2064 885 2159; x_wconf 33' lang='lat' dir='ltr'><strong>beralioribus,</strong></span> <span class='ocrx_word' id='word_1_101' title='bbox 931 2068 1050 2139; x_wconf 89' lang='lat' dir='ltr'><strong>stu</strong></span> <span class='ocrx_word' id='word_1_102' title='bbox 1108 2069 1201 2140; x_wconf 89' lang='lat' dir='ltr'><strong>iis</strong></span> <span class='ocrx_word' id='word_1_103' title='bbox 1266 2068 1597 2157; x_wconf 84' lang='lat' dir='ltr'><strong>arceret,</strong></span> <span class='ocrx_word' id='word_1_104' title='bbox 1692 2065 2165 2142; x_wconf 83' lang='lat' dir='ltr'><strong>consistebat</strong></span> <span class='ocrx_word' id='word_1_105' title='bbox 2232 2062 2394 2138; x_wconf 83' lang='lat' dir='ltr'><strong>sere</strong></span> <span class='ocrx_word' id='word_1_106' title='bbox 2456 2066 2541 2137; x_wconf 85' lang='lat' dir='ltr'><strong>in</strong></span> 
     </span>
     <span class='ocr_line' id='line_1_17' title="bbox 359 2159 2544 2266; baseline -0.002 -28"><span class='ocrx_word' id='word_1_107' title='bbox 359 2169 622 2265; x_wconf 87' lang='lat' dir='ltr'><strong>primis</strong></span> <span class='ocrx_word' id='word_1_108' title='bbox 671 2162 1089 2237; x_wconf 89' lang='lat' dir='ltr'><strong>litterarum</strong></span> <span class='ocrx_word' id='word_1_109' title='bbox 1140 2162 1526 2238; x_wconf 87' lang='lat' dir='ltr'><strong>elementis</strong></span> <span class='ocrx_word' id='word_1_110' title='bbox 1554 2164 1649 2259; x_wconf 80' lang='lat'><strong>⁵),</strong></span> <span class='ocrx_word' id='word_1_111' title='bbox 1717 2165 1992 2266; x_wconf 86' lang='lat' dir='ltr'><strong>quibus</strong></span> <span class='ocrx_word' id='word_1_112' title='bbox 2041 2159 2309 2238; x_wconf 85' lang='lat' dir='ltr'><strong>imbuti</strong></span> <span class='ocrx_word' id='word_1_113' title='bbox 2357 2186 2544 2234; x_wconf 89' lang='lat' dir='ltr'><strong>mox</strong></span> 
     </span>
     <span class='ocr_line' id='line_1_18' title="bbox 367 2257 2540 2376; baseline -0.002 -41"><span class='ocrx_word' id='word_1_114' title='bbox 367 2261 462 2336; x_wconf 90' lang='lat' dir='ltr'><strong>ad</strong></span> <span class='ocrx_word' id='word_1_115' title='bbox 514 2269 750 2335; x_wconf 82' lang='lat' dir='ltr'><strong>artem</strong></span> <span class='ocrx_word' id='word_1_116' title='bbox 800 2259 1119 2376; x_wconf 78' lang='lat' dir='ltr'><strong>aliquam</strong></span> <span class='ocrx_word' id='word_1_117' title='bbox 1171 2258 1602 2335; x_wconf 87' lang='lat' dir='ltr'><strong>discendam</strong></span> <span class='ocrx_word' id='word_1_118' title='bbox 1650 2258 2263 2351; x_wconf 82' lang='lat' dir='ltr'><strong>traducerentur,</strong></span> <span class='ocrx_word' id='word_1_119' title='bbox 2340 2257 2540 2333; x_wconf 88' lang='lat' dir='ltr'><strong>unde</strong></span> 
     </span>
     <span class='ocr_line' id='line_1_19' title="bbox 365 2353 2544 2461; baseline -0.002 -30"><span class='ocrx_word' id='word_1_120' title='bbox 365 2361 757 2461; x_wconf 85' lang='lat' dir='ltr'><strong>quaestum</strong></span> <span class='ocrx_word' id='word_1_121' title='bbox 844 2356 1249 2459; x_wconf 71' lang='lat' dir='ltr'><strong>aliquando</strong></span> <span class='ocrx_word' id='word_1_122' title='bbox 1326 2356 1597 2432; x_wconf 72' lang='lat' dir='ltr'><strong>facere</strong></span> <span class='ocrx_word' id='word_1_123' title='bbox 1681 2360 2024 2457; x_wconf 87' lang='lat' dir='ltr'><strong>possent.</strong></span> <span class='ocrx_word' id='word_1_124' title='bbox 2149 2353 2544 2430; x_wconf 87' lang='lat' dir='ltr'><strong>Eiusmodi</strong></span> 
     </span>
    </p>
   </div>
   <div class='ocr_carea' id='block_1_5' title="bbox 366 2453 2545 2558">
    <p class='ocr_par' dir='ltr' id='par_1_5' title="bbox 366 2453 2545 2558">
     <span class='ocr_line' id='line_1_20' title="bbox 366 2453 2545 2558; baseline -0.003 -26"><span class='ocrx_word' id='word_1_125' title='bbox 366 2466 532 2534; x_wconf 86' lang='lat' dir='ltr'><strong>arte</strong></span> <span class='ocrx_word' id='word_1_126' title='bbox 591 2457 656 2532; x_wconf 90' lang='lat' dir='ltr'><strong>si</strong></span> <span class='ocrx_word' id='word_1_127' title='bbox 720 2481 940 2558; x_wconf 84' lang='lat' dir='ltr'><strong>quem</strong></span> <span class='ocrx_word' id='word_1_128' title='bbox 1000 2457 1225 2558; x_wconf 89' lang='lat' dir='ltr'><strong>pater</strong></span> <span class='ocrx_word' id='word_1_129' title='bbox 1285 2455 1681 2532; x_wconf 85' lang='lat' dir='ltr'><strong>instituere</strong></span> <span class='ocrx_word' id='word_1_130' title='bbox 1738 2453 2250 2557; x_wconf 77' lang='lat' dir='ltr'><strong>neglexisset,</strong></span> <span class='ocrx_word' id='word_1_131' title='bbox 2347 2453 2545 2537; x_wconf 78' lang='lat' dir='ltr'><strong>hunc</strong></span> 
     </span>
    </p>
   </div>
   <div class='ocr_carea' id='block_1_6' title="bbox 366 2655 770 2672">
    <p class='ocr_par' dir='ltr' id='par_1_6' title="bbox 366 2655 770 2672">
     <span class='ocr_line' id='line_1_21' title="bbox 366 2655 770 2672; baseline 0 2303"><span class='ocrx_word' id='word_1_132' title='bbox 366 2655 770 2672; x_wconf 95' lang='lat' dir='ltr'><strong> </strong></span> 
     </span>
    </p>
   </div>
   <div class='ocr_carea' id='block_1_7' title="bbox 360 2744 2550 3432">
    <p class='ocr_par' dir='ltr' id='par_1_7' title="bbox 360 2744 2544 2971">
     <span class='ocr_line' id='line_1_22' title="bbox 513 2744 2544 2825; baseline -0.002 -19"><span class='ocrx_word' id='word_1_133' title='bbox 513 2749 576 2823; x_wconf 88' lang='lat'><strong>1)</strong></span> <span class='ocrx_word' id='word_1_134' title='bbox 624 2753 795 2808; x_wconf 78' lang='lat' dir='ltr'><strong>Plato</strong></span> <span class='ocrx_word' id='word_1_135' title='bbox 832 2753 1013 2823; x_wconf 70' lang='lat' dir='ltr'><strong>Legg.</strong></span> <span class='ocrx_word' id='word_1_136' title='bbox 1066 2755 1100 2808; x_wconf 88' lang='lat'>1</span> <span class='ocrx_word' id='word_1_137' title='bbox 1173 2788 1187 2804; x_wconf 87' lang='lat'><strong>·</strong></span> <span class='ocrx_word' id='word_1_138' title='bbox 1238 2753 1348 2810; x_wconf 83' lang='grc'><strong>642</strong></span> <span class='ocrx_word' id='word_1_139' title='bbox 1387 2754 1466 2811; x_wconf 67' lang='lat' dir='ltr'><strong>Gt</strong></span> <span class='ocrx_word' id='word_1_140' title='bbox 1516 2748 1573 2809; x_wconf 73' lang='grc' dir='ltr'><strong>τό</strong></span> <span class='ocrx_word' id='word_1_141' title='bbox 1603 2748 1704 2808; x_wconf 63' lang='lat' dir='ltr'><strong>§aa</strong></span> <span class='ocrx_word' id='word_1_142' title='bbox 1744 2751 1946 2808; x_wconf 63' lang='lat' dir='ltr'><strong>amr</strong></span> <span class='ocrx_word' id='word_1_143' title='bbox 1975 2747 2285 2825; x_wconf 69' lang='grc' dir='ltr'><strong>λεγόμενον,</strong></span> <span class='ocrx_word' id='word_1_144' title='bbox 2334 2745 2406 2807; x_wconf 77' lang='grc' dir='ltr'><strong>ὥς</strong></span> <span class='ocrx_word' id='word_1_145' title='bbox 2435 2744 2544 2802; x_wconf 72' lang='grc' dir='ltr'><strong>ὅσοι</strong></span> 
     </span>
     <span class='ocr_line' id='line_1_23' title="bbox 360 2822 2543 2899; baseline -0.003 -20"><span class='ocrx_word' id='word_1_146' title='bbox 360 2822 650 2891; x_wconf 64' lang='grc' dir='ltr'><em>,Ἀθηναίων</em></span> <span class='ocrx_word' id='word_1_147' title='bbox 688 2825 811 2880; x_wconf 71' lang='grc' dir='ltr'><strong><em>εἰσὶν</em></strong></span> <span class='ocrx_word' id='word_1_148' title='bbox 856 2827 1082 2898; x_wconf 66' lang='grc' dir='ltr'><strong>ἀγαθοί,</strong></span> <span class='ocrx_word' id='word_1_149' title='bbox 1151 2826 1462 2899; x_wconf 73' lang='grc' dir='ltr'><strong><em>ιαφερόνιως</em></strong></span> <span class='ocrx_word' id='word_1_150' title='bbox 1499 2825 1595 2879; x_wconf 71' lang='grc' dir='ltr'><strong>εἶσὶ</strong></span> <span class='ocrx_word' id='word_1_151' title='bbox 1626 2825 1842 2890; x_wconf 69' lang='grc' dir='ltr'><strong>τοιαῦτα,</strong></span> <span class='ocrx_word' id='word_1_152' title='bbox 1877 2826 2018 2879; x_wconf 73' lang='grc' dir='ltr'><em>δοκεῖ</em></span> <span class='ocrx_word' id='word_1_153' title='bbox 2049 2824 2362 2889; x_wconf 54' lang='lat' dir='ltr'><strong>Mecum</strong></span> <span class='ocrx_word' id='word_1_154' title='bbox 2396 2823 2543 2890; x_wconf 74' lang='grc' dir='ltr'><strong><em>λέγε-</em></strong></span> 
     </span>
     <span class='ocr_line' id='line_1_24' title="bbox 363 2893 2539 2971; baseline -0.002 -22"><span class='ocrx_word' id='word_1_155' title='bbox 363 2902 522 2950; x_wconf 72' lang='grc' dir='ltr'><strong>σθαι.</strong></span> <span class='ocrx_word' id='word_1_156' title='bbox 569 2898 726 2967; x_wconf 73' lang='grc' dir='ltr'><strong><em>μόνοι</em></strong></span> <span class='ocrx_word' id='word_1_157' title='bbox 768 2895 876 2971; x_wconf 68' lang='grc' dir='ltr'><strong>γὰρ</strong></span> <span class='ocrx_word' id='word_1_158' title='bbox 913 2894 1039 2952; x_wconf 74' lang='grc' dir='ltr'><strong>ἄνευ</strong></span> <span class='ocrx_word' id='word_1_159' title='bbox 1072 2897 1310 2969; x_wconf 75' lang='grc' dir='ltr'><strong>ἀνάγκης</strong></span> <span class='ocrx_word' id='word_1_160' title='bbox 1342 2897 1607 2967; x_wconf 71' lang='grc' dir='ltr'><strong>αὐτοφυῶς</strong></span> <span class='ocrx_word' id='word_1_161' title='bbox 1634 2898 1731 2952; x_wconf 68' lang='grc' dir='ltr'><strong>καὶ</strong></span> <span class='ocrx_word' id='word_1_162' title='bbox 1759 2894 1865 2953; x_wconf 66' lang='lat' dir='ltr'><strong>cim</strong></span> <span class='ocrx_word' id='word_1_163' title='bbox 1895 2896 2127 2952; x_wconf 70' lang='grc' dir='ltr'><strong><em>πλαστῶς</em></strong></span> <span class='ocrx_word' id='word_1_164' title='bbox 2155 2894 2282 2948; x_wconf 72' lang='grc' dir='ltr'><strong><em>εἰσὶν</em></strong></span> <span class='ocrx_word' id='word_1_165' title='bbox 2316 2893 2539 2964; x_wconf 70' lang='grc' dir='ltr'><strong>ἀγαθοί.</strong></span> 
     </span>
    </p>

    <p class='ocr_par' dir='ltr' id='par_1_8' title="bbox 363 2998 2550 3432">
     <span class='ocr_line' id='line_1_25' title="bbox 511 2998 2549 3075; baseline -0.005 -17"><span class='ocrx_word' id='word_1_166' title='bbox 511 2998 576 3073; x_wconf 91' lang='grc'><strong>1)</strong></span> <span class='ocrx_word' id='word_1_167' title='bbox 615 3002 925 3075; x_wconf 79' lang='lat' dir='ltr'><strong>Exponere</strong></span> <span class='ocrx_word' id='word_1_168' title='bbox 954 3003 1221 3058; x_wconf 57' lang='lat' dir='ltr'><strong>&#39;infantes</strong></span> <span class='ocrx_word' id='word_1_169' title='bbox 1256 3003 1500 3057; x_wconf 78' lang='lat' dir='ltr'><strong>Athenis</strong></span> <span class='ocrx_word' id='word_1_170' title='bbox 1548 3004 1781 3058; x_wconf 83' lang='lat' dir='ltr'><strong>licuisse</strong></span> <span class='ocrx_word' id='word_1_171' title='bbox 1828 3004 2174 3057; x_wconf 84' lang='lat' dir='ltr'><strong>comicorum</strong></span> <span class='ocrx_word' id='word_1_172' title='bbox 2210 3000 2549 3053; x_wconf 84' lang='lat' dir='ltr'><strong>Latinorum</strong></span> 
     </span>
     <span class='ocr_line' id='line_1_26' title="bbox 363 3068 2545 3148; baseline -0.003 -21"><span class='ocrx_word' id='word_1_173' title='bbox 363 3073 601 3128; x_wconf 77' lang='lat' dir='ltr'><strong>fabulae</strong></span> <span class='ocrx_word' id='word_1_174' title='bbox 639 3076 1052 3143; x_wconf 83' lang='lat' dir='ltr'><strong>demonstrant,</strong></span> <span class='ocrx_word' id='word_1_175' title='bbox 1091 3075 1299 3148; x_wconf 81' lang='lat' dir='ltr'><strong>quihus</strong></span> <span class='ocrx_word' id='word_1_176' title='bbox 1337 3095 1438 3129; x_wconf 83' lang='lat' dir='ltr'><strong>cur</strong></span> <span class='ocrx_word' id='word_1_177' title='bbox 1474 3078 1733 3131; x_wconf 84' lang='lat' dir='ltr'><strong>Meierus</strong></span> <span class='ocrx_word' id='word_1_178' title='bbox 1767 3077 1939 3129; x_wconf 87' lang='lat' dir='ltr'><strong>Proc.</strong></span> <span class='ocrx_word' id='word_1_179' title='bbox 1979 3077 2099 3127; x_wconf 81' lang='lat' dir='ltr'><strong>Att.</strong></span> <span class='ocrx_word' id='word_1_180' title='bbox 2135 3083 2194 3138; x_wconf 76' lang='lat' dir='ltr'><strong>P.</strong></span> <span class='ocrx_word' id='word_1_181' title='bbox 2229 3071 2338 3125; x_wconf 88' lang='grc'><strong>429</strong></span> <span class='ocrx_word' id='word_1_182' title='bbox 2376 3068 2545 3123; x_wconf 81' lang='lat' dir='ltr'><strong>fidem</strong></span> 
     </span>
     <span class='ocr_line' id='line_1_27' title="bbox 367 3142 2546 3218; baseline -0.004 -19"><span class='ocrx_word' id='word_1_183' title='bbox 367 3145 579 3201; x_wconf 80' lang='lat' dir='ltr'><strong>hahere</strong></span> <span class='ocrx_word' id='word_1_184' title='bbox 612 3146 870 3200; x_wconf 84' lang='lat' dir='ltr'><strong>noluerit</strong></span> <span class='ocrx_word' id='word_1_185' title='bbox 904 3165 1027 3200; x_wconf 84' lang='lat' dir='ltr'><strong>non</strong></span> <span class='ocrx_word' id='word_1_186' title='bbox 1061 3149 1201 3201; x_wconf 83' lang='lat' dir='ltr'><strong>satis</strong></span> <span class='ocrx_word' id='word_1_187' title='bbox 1235 3146 1529 3218; x_wconf 67' lang='lat' dir='ltr'><strong>intelliget</strong></span> <span class='ocrx_word' id='word_1_188' title='bbox 1591 3154 1651 3202; x_wconf 83' lang='lat' dir='ltr'><strong>et</strong></span> <span class='ocrx_word' id='word_1_189' title='bbox 1685 3147 1907 3201; x_wconf 80' lang='lat' dir='ltr'><strong>nullam</strong></span> <span class='ocrx_word' id='word_1_190' title='bbox 1940 3145 2053 3198; x_wconf 88' lang='lat' dir='ltr'><strong>hac</strong></span> <span class='ocrx_word' id='word_1_191' title='bbox 2084 3146 2147 3197; x_wconf 85' lang='lat' dir='ltr'><strong>in</strong></span> <span class='ocrx_word' id='word_1_192' title='bbox 2184 3161 2248 3194; x_wconf 91' lang='lat' dir='ltr'><strong>re</strong></span> <span class='ocrx_word' id='word_1_193' title='bbox 2285 3142 2546 3212; x_wconf 82' lang='lat' dir='ltr'><strong>impieta·</strong></span> 
     </span>
     <span class='ocr_line' id='line_1_28' title="bbox 369 3216 2549 3289; baseline -0.001 -19"><span class='ocrx_word' id='word_1_194' title='bbox 369 3223 484 3272; x_wconf 85' lang='lat' dir='ltr'><strong>tem</strong></span> <span class='ocrx_word' id='word_1_195' title='bbox 532 3220 725 3273; x_wconf 88' lang='lat' dir='ltr'><strong>inesse</strong></span> <span class='ocrx_word' id='word_1_196' title='bbox 763 3221 1003 3273; x_wconf 81' lang='lat' dir='ltr'><strong>Graecis</strong></span> <span class='ocrx_word' id='word_1_197' title='bbox 1051 3222 1233 3272; x_wconf 81' lang='lat' dir='ltr'><strong>visam</strong></span> <span class='ocrx_word' id='word_1_198' title='bbox 1281 3221 1420 3273; x_wconf 82' lang='lat' dir='ltr'><strong>satis</strong></span> <span class='ocrx_word' id='word_1_199' title='bbox 1458 3225 1705 3273; x_wconf 84' lang='lat' dir='ltr'><strong>constat.</strong></span> <span class='ocrx_word' id='word_1_200' title='bbox 1781 3218 1873 3274; x_wconf 77' lang='lat' dir='ltr'><strong>Cf.</strong></span> <span class='ocrx_word' id='word_1_201' title='bbox 1906 3219 2082 3289; x_wconf 80' lang='lat' dir='ltr'><strong>Petit.</strong></span> <span class='ocrx_word' id='word_1_202' title='bbox 2118 3216 2297 3284; x_wconf 77' lang='lat' dir='ltr'><strong>Legg.</strong></span> <span class='ocrx_word' id='word_1_203' title='bbox 2335 3216 2456 3266; x_wconf 80' lang='lat' dir='ltr'><strong>Att.</strong></span> <span class='ocrx_word' id='word_1_204' title='bbox 2490 3223 2549 3275; x_wconf 78' lang='grc' dir='ltr'><strong>Ρ.</strong></span> 
     </span>
     <span class='ocr_line' id='line_1_29' title="bbox 370 3282 2550 3358; baseline -0.003 -15"><span class='ocrx_word' id='word_1_205' title='bbox 370 3291 496 3344; x_wconf 76' lang='grc'><strong>219.</strong></span> <span class='ocrx_word' id='word_1_206' title='bbox 573 3282 919 3344; x_wconf 69' lang='lat' dir='ltr'><strong>Stallhaum.</strong></span> <span class='ocrx_word' id='word_1_207' title='bbox 977 3288 1051 3344; x_wconf 82' lang='lat' dir='ltr'><strong>ad</strong></span> <span class='ocrx_word' id='word_1_208' title='bbox 1112 3290 1258 3346; x_wconf 81' lang='lat' dir='ltr'><strong>Plat.</strong></span> <span class='ocrx_word' id='word_1_209' title='bbox 1305 3290 1482 3345; x_wconf 88' lang='lat' dir='ltr'><strong>Polit.</strong></span> <span class='ocrx_word' id='word_1_210' title='bbox 1519 3299 1658 3345; x_wconf 86' lang='lat' dir='ltr'><strong>tom.</strong></span> <span class='ocrx_word' id='word_1_211' title='bbox 1691 3291 1723 3345; x_wconf 93' lang='lat'>1</span> <span class='ocrx_word' id='word_1_212' title='bbox 1758 3304 1811 3358; x_wconf 75' lang='lat' dir='ltr'><strong>p.</strong></span> <span class='ocrx_word' id='word_1_213' title='bbox 1847 3289 1976 3346; x_wconf 72' lang='lat'><strong>3⁵9.</strong></span> <span class='ocrx_word' id='word_1_214' title='bbox 2048 3290 2356 3342; x_wconf 82' lang='lat' dir='ltr'><strong>Diversam</strong></span> <span class='ocrx_word' id='word_1_215' title='bbox 2393 3282 2550 3339; x_wconf 75' lang='lat' dir='ltr'><strong>&#39;rhe-</strong></span> 
     </span>
     <span class='ocr_line' id='line_1_30' title="bbox 371 3361 2070 3432; baseline 0.002 -19"><span class='ocrx_word' id='word_1_216' title='bbox 371 3361 653 3415; x_wconf 77' lang='lat' dir='ltr'><strong>hanorum</strong></span> <span class='ocrx_word' id='word_1_217' title='bbox 688 3362 876 3432; x_wconf 78' lang='lat' dir='ltr'><strong>legem</strong></span> <span class='ocrx_word' id='word_1_218' title='bbox 913 3369 1323 3416; x_wconf 80' lang='lat' dir='ltr'><strong>commemorat</strong></span> <span class='ocrx_word' id='word_1_219' title='bbox 1354 3363 1636 3417; x_wconf 81' lang='lat' dir='ltr'><strong>Aelianus</strong></span> <span class='ocrx_word' id='word_1_220' title='bbox 1673 3364 1754 3415; x_wconf 84' lang='lat' dir='ltr'><strong>V.</strong></span> <span class='ocrx_word' id='word_1_221' title='bbox 1787 3362 1861 3416; x_wconf 82' lang='grc' dir='ltr'><strong>Η.</strong></span> <span class='ocrx_word' id='word_1_222' title='bbox 1899 3362 1981 3430; x_wconf 85' lang='lat'><strong>11,</strong></span> <span class='ocrx_word' id='word_1_223' title='bbox 2019 3361 2070 3417; x_wconf 86' lang='grc'><strong>7.</strong></span> 
     </span>
    </p>
   </div>
   <div class='ocr_carea' id='block_1_8' title="bbox 370 3464 2562 3902">
    <p class='ocr_par' dir='ltr' id='par_1_9' title="bbox 370 3464 2562 3902">
     <span class='ocr_line' id='line_1_31' title="bbox 514 3464 2556 3534; baseline -0.004 -12"><span class='ocrx_word' id='word_1_224' title='bbox 514 3467 581 3534; x_wconf 91' lang='grc'><strong>2)</strong></span> <span class='ocrx_word' id='word_1_225' title='bbox 629 3470 970 3523; x_wconf 76' lang='lat' dir='ltr'><strong>contrariae</strong></span> <span class='ocrx_word' id='word_1_226' title='bbox 1015 3471 1338 3523; x_wconf 81' lang='lat' dir='ltr'><strong>sententiae</strong></span> <span class='ocrx_word' id='word_1_227' title='bbox 1384 3476 1654 3525; x_wconf 78' lang='lat' dir='ltr'><strong>suctores</strong></span> <span class='ocrx_word' id='word_1_228' title='bbox 1706 3466 2018 3521; x_wconf 79' lang='lat' dir='ltr'><strong>laudantur</strong></span> <span class='ocrx_word' id='word_1_229' title='bbox 2053 3466 2270 3520; x_wconf 79' lang='lat' dir='ltr'><strong>Sextus</strong></span> <span class='ocrx_word' id='word_1_230' title='bbox 2305 3464 2556 3534; x_wconf 82' lang='lat' dir='ltr'><strong>Empiri·</strong></span> 
     </span>
     <span class='ocr_line' id='line_1_32' title="bbox 373 3535 2554 3615; baseline -0.003 -22"><span class='ocrx_word' id='word_1_231' title='bbox 373 3558 475 3593; x_wconf 84' lang='lat' dir='ltr'><strong>cus</strong></span> <span class='ocrx_word' id='word_1_232' title='bbox 512 3539 797 3610; x_wconf 82' lang='lat' dir='ltr'><strong>Pyrrhon.</strong></span> <span class='ocrx_word' id='word_1_233' title='bbox 831 3540 1110 3615; x_wconf 70' lang='lat' dir='ltr'><strong>hypotyp.</strong></span> <span class='ocrx_word' id='word_1_234' title='bbox 1149 3542 1237 3595; x_wconf 85' lang='lat'><strong>111</strong></span> <span class='ocrx_word' id='word_1_235' title='bbox 1270 3553 1325 3605; x_wconf 79' lang='grc' dir='ltr'><strong>Ρ.</strong></span> <span class='ocrx_word' id='word_1_236' title='bbox 1368 3542 1472 3595; x_wconf 84' lang='grc'><strong>180</strong></span> <span class='ocrx_word' id='word_1_237' title='bbox 1507 3548 1567 3594; x_wconf 83' lang='lat' dir='ltr'><strong>et</strong></span> <span class='ocrx_word' id='word_1_238' title='bbox 1599 3537 1864 3593; x_wconf 78' lang='lat' dir='ltr'><strong>rhetores</strong></span> <span class='ocrx_word' id='word_1_239' title='bbox 1902 3538 2130 3612; x_wconf 80' lang='lat' dir='ltr'><strong>quidam</strong></span> <span class='ocrx_word' id='word_1_240' title='bbox 2169 3535 2321 3609; x_wconf 86' lang='lat' dir='ltr'><strong>apud</strong></span> <span class='ocrx_word' id='word_1_241' title='bbox 2355 3537 2554 3588; x_wconf 84' lang='lat' dir='ltr'><strong>Meur-</strong></span> 
     </span>
     <span class='ocr_line' id='line_1_33' title="bbox 370 3607 2556 3683; baseline -0.003 -19"><span class='ocrx_word' id='word_1_242' title='bbox 370 3615 520 3666; x_wconf 88' lang='lat' dir='ltr'><strong>sium</strong></span> <span class='ocrx_word' id='word_1_243' title='bbox 559 3610 761 3667; x_wconf 76' lang='lat' dir='ltr'><strong>Them.</strong></span> <span class='ocrx_word' id='word_1_244' title='bbox 798 3617 918 3670; x_wconf 81' lang='lat' dir='ltr'><strong>Att.</strong></span> <span class='ocrx_word' id='word_1_245' title='bbox 961 3614 1007 3681; x_wconf 90' lang='lat' dir='ltr'><strong>l,</strong></span> <span class='ocrx_word' id='word_1_246' title='bbox 1044 3617 1080 3669; x_wconf 94' lang='grc'><strong>2</strong></span> <span class='ocrx_word' id='word_1_247' title='bbox 1119 3619 1177 3666; x_wconf 86' lang='lat' dir='ltr'><strong>et</strong></span> <span class='ocrx_word' id='word_1_248' title='bbox 1199 3612 1574 3683; x_wconf 72' lang='lat' dir='ltr'><strong>‘Wesseling.</strong></span> <span class='ocrx_word' id='word_1_249' title='bbox 1614 3612 1688 3665; x_wconf 81' lang='lat' dir='ltr'><strong>ad</strong></span> <span class='ocrx_word' id='word_1_250' title='bbox 1722 3613 1898 3665; x_wconf 83' lang='lat' dir='ltr'><strong>Petit.</strong></span> <span class='ocrx_word' id='word_1_251' title='bbox 1934 3622 1992 3676; x_wconf 74' lang='lat' dir='ltr'><strong>p.</strong></span> <span class='ocrx_word' id='word_1_252' title='bbox 2028 3609 2154 3664; x_wconf 80' lang='grc'><strong>236.</strong></span> <span class='ocrx_word' id='word_1_253' title='bbox 2226 3607 2348 3659; x_wconf 81' lang='lat' dir='ltr'><strong>Sed</strong></span> <span class='ocrx_word' id='word_1_254' title='bbox 2382 3623 2556 3658; x_wconf 85' lang='lat' dir='ltr'><strong>nemo</strong></span> 
     </span>
     <span class='ocr_line' id='line_1_34' title="bbox 377 3679 2559 3759; baseline -0.004 -22"><span class='ocrx_word' id='word_1_255' title='bbox 377 3686 666 3756; x_wconf 82' lang='lat' dir='ltr'><strong>quaesivit</strong></span> <span class='ocrx_word' id='word_1_256' title='bbox 701 3686 840 3758; x_wconf 83' lang='lat' dir='ltr'><strong>quid</strong></span> <span class='ocrx_word' id='word_1_257' title='bbox 872 3688 948 3739; x_wconf 88' lang='lat' dir='ltr'><strong>sit</strong></span> <span class='ocrx_word' id='word_1_258' title='bbox 983 3684 1138 3759; x_wconf 81' lang='lat' dir='ltr'><strong>quod</strong></span> <span class='ocrx_word' id='word_1_259' title='bbox 1175 3683 1264 3739; x_wconf 89' lang='lat' dir='ltr'><strong>illi</strong></span> <span class='ocrx_word' id='word_1_260' title='bbox 1302 3685 1501 3738; x_wconf 86' lang='lat' dir='ltr'><strong>dicunt</strong></span> <span class='ocrx_word' id='word_1_261' title='bbox 1533 3682 1667 3739; x_wconf 72' lang='grc' dir='ltr'><strong>κατὰ</strong></span> <span class='ocrx_word' id='word_1_262' title='bbox 1699 3681 1787 3737; x_wconf 67' lang='grc' dir='ltr'><strong>ὢν</strong></span> <span class='ocrx_word' id='word_1_263' title='bbox 1817 3684 1921 3737; x_wconf 70' lang='grc' dir='ltr'><strong>τῶν</strong></span> <span class='ocrx_word' id='word_1_264' title='bbox 1940 3682 2165 3755; x_wconf 75' lang='grc' dir='ltr'><strong>ἀκρίτων</strong></span> <span class='ocrx_word' id='word_1_265' title='bbox 2185 3679 2365 3750; x_wconf 78' lang='grc' dir='ltr'><strong>νόμον.</strong></span> <span class='ocrx_word' id='word_1_266' title='bbox 2428 3679 2559 3730; x_wconf 67' lang='lat' dir='ltr'><strong>Soi-</strong></span> 
     </span>
     <span class='ocr_line' id='line_1_35' title="bbox 371 3751 2562 3831; baseline -0.003 -23"><span class='ocrx_word' id='word_1_267' title='bbox 371 3755 508 3809; x_wconf 82' lang='lat' dir='ltr'><strong>licet</strong></span> <span class='ocrx_word' id='word_1_268' title='bbox 539 3764 776 3829; x_wconf 87' lang='lat' dir='ltr'><strong>propter</strong></span> <span class='ocrx_word' id='word_1_269' title='bbox 813 3767 968 3811; x_wconf 86' lang='lat' dir='ltr'><strong>certa</strong></span> <span class='ocrx_word' id='word_1_270' title='bbox 1012 3756 1291 3831; x_wconf 82' lang='lat' dir='ltr'><strong>quaedam</strong></span> <span class='ocrx_word' id='word_1_271' title='bbox 1341 3756 1552 3810; x_wconf 86' lang='lat' dir='ltr'><strong>delicta</strong></span> <span class='ocrx_word' id='word_1_272' title='bbox 1598 3754 1887 3809; x_wconf 86' lang='lat' dir='ltr'><strong>hominem</strong></span> <span class='ocrx_word' id='word_1_273' title='bbox 1926 3752 2192 3806; x_wconf 86' lang='lat' dir='ltr'><strong>occidere</strong></span> <span class='ocrx_word' id='word_1_274' title='bbox 2229 3751 2414 3804; x_wconf 74' lang='lat' dir='ltr'><strong>cnivis</strong></span> <span class='ocrx_word' id='word_1_275' title='bbox 2451 3751 2562 3802; x_wconf 87' lang='lat' dir='ltr'><strong>im·</strong></span> 
     </span>
     <span class='ocr_line' id='line_1_36' title="bbox 373 3820 2557 3902; baseline -0.002 -23"><span class='ocrx_word' id='word_1_276' title='bbox 373 3846 528 3899; x_wconf 87' lang='lat' dir='ltr'><strong>pune</strong></span> <span class='ocrx_word' id='word_1_277' title='bbox 564 3837 703 3897; x_wconf 81' lang='lat' dir='ltr'><strong>erat,</strong></span> <span class='ocrx_word' id='word_1_278' title='bbox 739 3827 988 3902; x_wconf 83' lang='lat' dir='ltr'><strong>ideoque</strong></span> <span class='ocrx_word' id='word_1_279' title='bbox 1025 3831 1198 3883; x_wconf 85' lang='lat' dir='ltr'><strong>etiam</strong></span> <span class='ocrx_word' id='word_1_280' title='bbox 1232 3827 1447 3883; x_wconf 82' lang='lat' dir='ltr'><strong>liberos</strong></span> <span class='ocrx_word' id='word_1_281' title='bbox 1481 3827 1839 3901; x_wconf 83' lang='lat' dir='ltr'><strong>parentibus.</strong></span> <span class='ocrx_word' id='word_1_282' title='bbox 1926 3823 2017 3878; x_wconf 77' lang='lat' dir='ltr'><strong>Cf.</strong></span> <span class='ocrx_word' id='word_1_283' title='bbox 2052 3841 2207 3895; x_wconf 87' lang='lat' dir='ltr'><strong>supr.</strong></span> <span class='ocrx_word' id='word_1_284' title='bbox 2251 3842 2307 3897; x_wconf 87' lang='lat' dir='ltr'><strong>p.</strong></span> <span class='ocrx_word' id='word_1_285' title='bbox 2344 3821 2468 3888; x_wconf 87' lang='grc'><strong>290,</strong></span> <span class='ocrx_word' id='word_1_286' title='bbox 2504 3820 2557 3875; x_wconf 84' lang='grc'><strong>8.</strong></span> 
     </span>
    </p>
   </div>
   <div class='ocr_carea' id='block_1_9' title="bbox 377 3927 2562 4080">
    <p class='ocr_par' dir='ltr' id='par_1_10' title="bbox 377 3927 2562 4080">
     <span class='ocr_line' id='line_1_37' title="bbox 521 3927 2562 4011; baseline -0.007 -20"><span class='ocrx_word' id='word_1_287' title='bbox 521 3931 588 4004; x_wconf 87' lang='lat'><strong>3)</strong></span> <span class='ocrx_word' id='word_1_288' title='bbox 625 3938 717 3990; x_wconf 89' lang='lat' dir='ltr'><strong>De</strong></span> <span class='ocrx_word' id='word_1_289' title='bbox 755 3936 1136 4006; x_wconf 77' lang='lat' dir='ltr'><strong>abdicatione,</strong></span> <span class='ocrx_word' id='word_1_290' title='bbox 1173 3935 1491 4011; x_wconf 69' lang='grc' dir='ltr'><strong><em>ἄποκηρῦξει,</em></strong></span> <span class='ocrx_word' id='word_1_291' title='bbox 1542 3934 1617 3991; x_wconf 80' lang='lat' dir='ltr'><strong>cf.</strong></span> <span class='ocrx_word' id='word_1_292' title='bbox 1651 3935 1825 3993; x_wconf 85' lang='lat' dir='ltr'><strong>Petit.</strong></span> <span class='ocrx_word' id='word_1_293' title='bbox 1861 3932 2040 4002; x_wconf 73' lang='lat' dir='ltr'><strong>Iaegg.</strong></span> <span class='ocrx_word' id='word_1_294' title='bbox 2076 3931 2196 3989; x_wconf 72' lang='lat' dir='ltr'><strong>Aet.</strong></span> <span class='ocrx_word' id='word_1_295' title='bbox 2237 3940 2295 3995; x_wconf 76' lang='lat' dir='ltr'><strong>P.</strong></span> <span class='ocrx_word' id='word_1_296' title='bbox 2332 3927 2440 3983; x_wconf 82' lang='grc'><strong>234</strong></span> <span class='ocrx_word' id='word_1_297' title='bbox 2472 3945 2562 4000; x_wconf 76' lang='lat' dir='ltr'><strong>sq.</strong></span> 
     </span>
     <span class='ocr_line' id='line_1_38' title="bbox 377 4007 1308 4080; baseline -0.001 -18"><span class='ocrx_word' id='word_1_298' title='bbox 377 4007 582 4061; x_wconf 65' lang='grc' dir='ltr'><strong>Μοίρι.</strong></span> <span class='ocrx_word' id='word_1_299' title='bbox 618 4008 792 4062; x_wconf 90' lang='lat' dir='ltr'><strong>Proc.</strong></span> <span class='ocrx_word' id='word_1_300' title='bbox 830 4011 951 4062; x_wconf 75' lang='lat' dir='ltr'><strong>Att.</strong></span> <span class='ocrx_word' id='word_1_301' title='bbox 986 4021 1045 4075; x_wconf 77' lang='lat'><strong>1¹.</strong></span> <span class='ocrx_word' id='word_1_302' title='bbox 1082 4010 1190 4064; x_wconf 73' lang='lat'><strong>432</strong></span> <span class='ocrx_word' id='word_1_303' title='bbox 1225 4027 1308 4080; x_wconf 81' lang='lat' dir='ltr'><strong>sq.</strong></span> 
     </span>
    </p>
   </div>
   <div class='ocr_carea' id='block_1_10' title="bbox 523 4113 1388 4185">
    <p class='ocr_par' dir='ltr' id='par_1_11' title="bbox 523 4113 1388 4185">
     <span class='ocr_line' id='line_1_39' title="bbox 523 4113 1388 4185; baseline 0 -15"><span class='ocrx_word' id='word_1_304' title='bbox 523 4113 591 4185; x_wconf 76' lang='lat'><strong>4)</strong></span> <span class='ocrx_word' id='word_1_305' title='bbox 629 4114 928 4169; x_wconf 82' lang='lat' dir='ltr'><strong>Plutarch.</strong></span> <span class='ocrx_word' id='word_1_306' title='bbox 965 4113 1173 4170; x_wconf 83' lang='lat' dir='ltr'><strong>Solon.</strong></span> <span class='ocrx_word' id='word_1_307' title='bbox 1211 4133 1261 4170; x_wconf 89' lang='lat' dir='ltr'><strong>c.</strong></span> <span class='ocrx_word' id='word_1_308' title='bbox 1297 4115 1388 4170; x_wconf 87' lang='grc'><strong>23.</strong></span> 
     </span>
    </p>
   </div>
   <div class='ocr_carea' id='block_1_11' title="bbox 383 4213 2566 4440">
    <p class='ocr_par' dir='ltr' id='par_1_12' title="bbox 383 4213 2566 4440">
     <span class='ocr_line' id='line_1_40' title="bbox 520 4213 2561 4297; baseline -0.003 -20"><span class='ocrx_word' id='word_1_309' title='bbox 520 4219 587 4293; x_wconf 80' lang='lat'><strong>5)</strong></span> <span class='ocrx_word' id='word_1_310' title='bbox 643 4222 737 4277; x_wconf 74' lang='lat' dir='ltr'><strong>Cf.</strong></span> <span class='ocrx_word' id='word_1_311' title='bbox 783 4221 1080 4297; x_wconf 82' lang='lat' dir='ltr'><strong>Aristoph.</strong></span> <span class='ocrx_word' id='word_1_312' title='bbox 1113 4222 1334 4294; x_wconf 80' lang='lat' dir='ltr'><strong>Equitt.</strong></span> <span class='ocrx_word' id='word_1_313' title='bbox 1370 4239 1430 4274; x_wconf 72' lang='lat' dir='ltr'><strong>v.</strong></span> <span class='ocrx_word' id='word_1_314' title='bbox 1468 4219 1590 4276; x_wconf 66' lang='lat'><strong>189.</strong></span> <span class='ocrx_word' id='word_1_315' title='bbox 1643 4217 1891 4291; x_wconf 81' lang='lat' dir='ltr'><strong>Eupolis</strong></span> <span class='ocrx_word' id='word_1_316' title='bbox 1927 4217 2080 4291; x_wconf 78' lang='lat' dir='ltr'><strong>apud</strong></span> <span class='ocrx_word' id='word_1_317' title='bbox 2111 4213 2456 4289; x_wconf 72' lang='lat' dir='ltr'><strong>Quintilian.</strong></span> <span class='ocrx_word' id='word_1_318' title='bbox 2509 4214 2561 4270; x_wconf 87' lang='lat'><strong>1.</strong></span> 
     </span>
     <span class='ocr_line' id='line_1_41' title="bbox 383 4288 2566 4365; baseline -0.005 -15"><span class='ocrx_word' id='word_1_319' title='bbox 383 4295 458 4350; x_wconf 85' lang='lat'><strong>0.</strong></span> <span class='ocrx_word' id='word_1_320' title='bbox 501 4296 551 4361; x_wconf 84' lang='lat' dir='ltr'><strong>l,</strong></span> <span class='ocrx_word' id='word_1_321' title='bbox 589 4296 675 4362; x_wconf 82' lang='lat'><strong>10,</strong></span> <span class='ocrx_word' id='word_1_322' title='bbox 718 4295 796 4349; x_wconf 84' lang='lat'><strong>18.</strong></span> <span class='ocrx_word' id='word_1_323' title='bbox 880 4297 947 4348; x_wconf 82' lang='lat' dir='ltr'><strong>ln</strong></span> <span class='ocrx_word' id='word_1_324' title='bbox 982 4297 1319 4348; x_wconf 78' lang='lat' dir='ltr'><strong>universum</strong></span> <span class='ocrx_word' id='word_1_325' title='bbox 1353 4292 1475 4347; x_wconf 80' lang='lat' dir='ltr'><strong>vid.</strong></span> <span class='ocrx_word' id='word_1_326' title='bbox 1511 4291 1763 4365; x_wconf 79' lang='lat' dir='ltr'><strong>Adelph.</strong></span> <span class='ocrx_word' id='word_1_327' title='bbox 1805 4292 2059 4360; x_wconf 79' lang='lat' dir='ltr'><strong>Cramer,</strong></span> <span class='ocrx_word' id='word_1_328' title='bbox 2112 4288 2190 4344; x_wconf 75' lang='lat' dir='ltr'><strong>de</strong></span> <span class='ocrx_word' id='word_1_329' title='bbox 2224 4288 2566 4341; x_wconf 78' lang='lat' dir='ltr'><strong>educatione</strong></span> 
     </span>
     <span class='ocr_line' id='line_1_42' title="bbox 384 4361 2032 4440; baseline -0.001 -19"><span class='ocrx_word' id='word_1_330' title='bbox 384 4385 699 4440; x_wconf 82' lang='lat' dir='ltr'><strong>puerorum</strong></span> <span class='ocrx_word' id='word_1_331' title='bbox 738 4367 892 4430; x_wconf 80' lang='lat' dir='ltr'><strong>apud</strong></span> <span class='ocrx_word' id='word_1_332' title='bbox 925 4365 1335 4422; x_wconf 78' lang='lat' dir='ltr'><strong>Athenienses.</strong></span> <span class='ocrx_word' id='word_1_333' title='bbox 1404 4365 1705 4435; x_wconf 61' lang='lat' dir='ltr'><strong>Man-burg.</strong></span> <span class='ocrx_word' id='word_1_334' title='bbox 1745 4364 1907 4425; x_wconf 79' lang='lat'><strong>1833.</strong></span> <span class='ocrx_word' id='word_1_335' title='bbox 1975 4361 2032 4420; x_wconf 83' lang='lat'><strong>8·</strong></span> 
     </span>
    </p>
   </div>
  </div>
 </body>
</html>
