<?xml version="1.0" encoding="UTF-8"?>
<!DOCTYPE html PUBLIC "-//W3C//DTD XHTML 1.0 Transitional//EN"
    "http://www.w3.org/TR/xhtml1/DTD/xhtml1-transitional.dtd">
<html xmlns="http://www.w3.org/1999/xhtml" xml:lang="en" lang="en">
 <head>
  <title>
</title>
<meta http-equiv="Content-Type" content="text/html;charset=utf-8" />
  <meta name='ocr-system' content='tesseract 3.04.00' />
  <meta name='ocr-capabilities' content='ocr_page ocr_carea ocr_par ocr_line ocrx_word'/>
</head>
<body>
  <div class='ocr_page' id='page_1' title='image "antiquitatesiur00schgoog_0291.png"; bbox 0 0 3067 4975; ppageno 0'>
   <div class='ocr_carea' id='block_1_1' title="bbox 1020 362 2498 470">
    <p class='ocr_par' dir='ltr' id='par_1_1' title="bbox 1020 362 2498 470">
     <span class='ocr_line' id='line_1_1' title="bbox 1020 362 2498 470; baseline 0.003 -18"><span class='ocrx_word' id='word_1_1' title='bbox 1020 362 1093 455; x_wconf 80' lang='grc'>6.</span> <span class='ocrx_word' id='word_1_2' title='bbox 1156 381 1280 455; x_wconf 83' lang='lat' dir='ltr'>De</span> <span class='ocrx_word' id='word_1_3' title='bbox 1325 378 1651 470; x_wconf 46' lang='lat' dir='ltr'>audebit&amp;-</span> <span class='ocrx_word' id='word_1_4' title='bbox 2350 380 2498 456; x_wconf 81' lang='lat'>281</span> 
     </span>
    </p>
   </div>
   <div class='ocr_carea' id='block_1_2' title="bbox 210 555 2634 2019">
    <p class='ocr_par' dir='ltr' id='par_1_2' title="bbox 210 555 2634 2019">
     <span class='ocr_line' id='line_1_2' title="bbox 328 555 2508 660; baseline -0.003 -20"><span class='ocrx_word' id='word_1_5' title='bbox 328 587 542 640; x_wconf 89' lang='lat' dir='ltr'>suam</span> <span class='ocrx_word' id='word_1_6' title='bbox 615 556 1002 634; x_wconf 89' lang='lat' dir='ltr'>meliorem</span> <span class='ocrx_word' id='word_1_7' title='bbox 1079 585 1249 635; x_wconf 86' lang='lat' dir='ltr'>esse</span> <span class='ocrx_word' id='word_1_8' title='bbox 1300 557 1671 660; x_wconf 82' lang='lat' dir='ltr'>probaret</span> <span class='ocrx_word' id='word_1_9' title='bbox 1702 555 1825 655; x_wconf 71' lang='lat'>¹⁴).</span> <span class='ocrx_word' id='word_1_10' title='bbox 1926 559 2201 634; x_wconf 80' lang='lat' dir='ltr'>omnia</span> <span class='ocrx_word' id='word_1_11' title='bbox 2257 560 2508 634; x_wconf 86' lang='lat' dir='ltr'>autem</span> 
     </span>
     <span class='ocr_line' id='line_1_3' title="bbox 210 653 2507 756; baseline -0.002 -21"><span class='ocrx_word' id='word_1_12' title='bbox 210 745 219 754; x_wconf 23' lang='grc' dir='ltr'><strong><em>ἐ</em></strong></span> <span class='ocrx_word' id='word_1_13' title='bbox 296 690 306 697; x_wconf 93' lang='grc'><em>·</em></span> <span class='ocrx_word' id='word_1_14' title='bbox 377 688 522 735; x_wconf 88' lang='lat' dir='ltr'>uae</span> <span class='ocrx_word' id='word_1_15' title='bbox 618 659 1136 731; x_wconf 80' lang='lat' dir='ltr'>enarravimus</span> <span class='ocrx_word' id='word_1_16' title='bbox 1225 653 1762 756; x_wconf 83' lang='lat' dir='ltr'>probationum</span> <span class='ocrx_word' id='word_1_17' title='bbox 1851 658 2347 731; x_wconf 81' lang='lat' dir='ltr'>instrumenta</span> <span class='ocrx_word' id='word_1_18' title='bbox 2421 661 2507 731; x_wconf 89' lang='lat' dir='ltr'>in</span> 
     </span>
     <span class='ocr_line' id='line_1_4' title="bbox 226 690 2507 853; baseline 0 -26"><span class='ocrx_word' id='word_1_19' title='bbox 226 751 235 756; x_wconf 69' lang='grc'><strong>’</strong></span> <span class='ocrx_word' id='word_1_20' title='bbox 324 690 656 849; x_wconf 55' lang='lat' dir='ltr'>gameno-sa</span> <span class='ocrx_word' id='word_1_21' title='bbox 702 755 1184 852; x_wconf 78' lang='lat' dir='ltr'>magistratui</span> <span class='ocrx_word' id='word_1_22' title='bbox 1231 751 1625 846; x_wconf 84' lang='lat' dir='ltr'>tradenda,</span> <span class='ocrx_word' id='word_1_23' title='bbox 1676 751 1774 827; x_wconf 87' lang='lat' dir='ltr'>ab</span> <span class='ocrx_word' id='word_1_24' title='bbox 1816 778 2058 853; x_wconf 87' lang='lat' dir='ltr'>eoque</span> <span class='ocrx_word' id='word_1_25' title='bbox 2089 758 2166 827; x_wconf 89' lang='lat' dir='ltr'>in</span> <span class='ocrx_word' id='word_1_26' title='bbox 2196 754 2507 851; x_wconf 79' lang='lat' dir='ltr'><strong>capsula</strong></span> 
     </span>
     <span class='ocr_line' id='line_1_5' title="bbox 331 840 2507 950; baseline 0 -27"><span class='ocrx_word' id='word_1_27' title='bbox 331 849 592 932; x_wconf 88' lang='lat' dir='ltr'>clausa</span> <span class='ocrx_word' id='word_1_28' title='bbox 643 840 1199 950; x_wconf 65' lang='lat' dir='ltr'>obsignataijue</span> <span class='ocrx_word' id='word_1_29' title='bbox 1261 849 1726 924; x_wconf 83' lang='lat' dir='ltr'>asservanda</span> <span class='ocrx_word' id='word_1_30' title='bbox 1775 851 2031 940; x_wconf 86' lang='lat' dir='ltr'>erant,</span> <span class='ocrx_word' id='word_1_31' title='bbox 2108 847 2350 924; x_wconf 85' lang='lat' dir='ltr'>donec</span> <span class='ocrx_word' id='word_1_32' title='bbox 2398 854 2507 924; x_wconf 91' lang='lat' dir='ltr'>iu-</span> 
     </span>
     <span class='ocr_line' id='line_1_6' title="bbox 329 943 2505 1046; baseline -0 -25"><span class='ocrx_word' id='word_1_33' title='bbox 329 943 624 1021; x_wconf 85' lang='lat' dir='ltr'>dicibus</span> <span class='ocrx_word' id='word_1_34' title='bbox 690 950 1304 1046; x_wconf 87' lang='lat' dir='ltr'>proponerentur</span> <span class='ocrx_word' id='word_1_35' title='bbox 1331 949 1451 1042; x_wconf 85' lang='lat'><strong>¹⁵).</strong></span> <span class='ocrx_word' id='word_1_36' title='bbox 1556 951 1910 1021; x_wconf 83' lang='lat' dir='ltr'>Ceterum</span> <span class='ocrx_word' id='word_1_37' title='bbox 1983 944 2203 1020; x_wconf 83' lang='lat' dir='ltr'>facile</span> <span class='ocrx_word' id='word_1_38' title='bbox 2270 973 2505 1045; x_wconf 87' lang='lat' dir='ltr'>appa-</span> 
     </span>
     <span class='ocr_line' id='line_1_7' title="bbox 330 1040 2505 1142; baseline -0 -24"><span class='ocrx_word' id='word_1_39' title='bbox 330 1049 453 1118; x_wconf 88' lang='lat' dir='ltr'>ret</span> <span class='ocrx_word' id='word_1_40' title='bbox 526 1040 673 1117; x_wconf 86' lang='lat' dir='ltr'>hoc</span> <span class='ocrx_word' id='word_1_41' title='bbox 743 1042 1230 1118; x_wconf 76' lang='lat' dir='ltr'><strong>instruendae</strong></span> <span class='ocrx_word' id='word_1_42' title='bbox 1294 1044 1445 1117; x_wconf 85' lang='lat' dir='ltr'>litis</span> <span class='ocrx_word' id='word_1_43' title='bbox 1505 1047 1893 1142; x_wconf 79' lang='lat' dir='ltr'>negotium</span> <span class='ocrx_word' id='word_1_44' title='bbox 1964 1069 2505 1141; x_wconf 79' lang='lat' dir='ltr'>saepenumero</span> 
     </span>
     <span class='ocr_line' id='line_1_8' title="bbox 334 1138 2506 1242; baseline -0.001 -27"><span class='ocrx_word' id='word_1_45' title='bbox 334 1142 521 1215; x_wconf 87' lang='lat' dir='ltr'>satis</span> <span class='ocrx_word' id='word_1_46' title='bbox 573 1139 888 1238; x_wconf 78' lang='lat' dir='ltr'>long-um</span> <span class='ocrx_word' id='word_1_47' title='bbox 938 1142 1023 1214; x_wconf 71' lang='lat' dir='ltr'>et‘</span> <span class='ocrx_word' id='word_1_48' title='bbox 1060 1140 1457 1217; x_wconf 74' lang='lat' dir='ltr'>moiestu&#39;m</span> <span class='ocrx_word' id='word_1_49' title='bbox 1505 1140 1765 1230; x_wconf 82' lang='lat' dir='ltr'>fuisse,</span> <span class='ocrx_word' id='word_1_50' title='bbox 1818 1138 2023 1242; x_wconf 87' lang='lat' dir='ltr'>quod</span> <span class='ocrx_word' id='word_1_51' title='bbox 2072 1144 2275 1213; x_wconf 88' lang='lat' dir='ltr'>intra</span> <span class='ocrx_word' id='word_1_52' title='bbox 2374 1167 2506 1213; x_wconf 83' lang='lat' dir='ltr'>au-</span> 
     </span>
     <span class='ocr_line' id='line_1_9' title="bbox 335 1234 2511 1336; baseline 0 -25"><span class='ocrx_word' id='word_1_53' title='bbox 335 1263 471 1312; x_wconf 92' lang='lat' dir='ltr'>cos</span> <span class='ocrx_word' id='word_1_54' title='bbox 524 1234 686 1310; x_wconf 85' lang='lat' dir='ltr'>dies</span> <span class='ocrx_word' id='word_1_55' title='bbox 731 1240 1005 1335; x_wconf 80' lang='lat' dir='ltr'>peragi</span> <span class='ocrx_word' id='word_1_56' title='bbox 1053 1235 1441 1313; x_wconf 91' lang='lat' dir='ltr'>commode</span> <span class='ocrx_word' id='word_1_57' title='bbox 1489 1264 1646 1311; x_wconf 92' lang='lat' dir='ltr'>non</span> <span class='ocrx_word' id='word_1_58' title='bbox 1696 1245 1984 1336; x_wconf 82' lang='lat' dir='ltr'>posset.</span> <span class='ocrx_word' id='word_1_59' title='bbox 2081 1240 2278 1311; x_wconf 85' lang='lat' dir='ltr'>Acce</span> <span class='ocrx_word' id='word_1_60' title='bbox 2336 1235 2511 1312; x_wconf 84' lang='lat' dir='ltr'>ebat</span> 
     </span>
     <span class='ocr_line' id='line_1_10' title="bbox 333 1329 2634 1434; baseline -0.001 -26"><span class='ocrx_word' id='word_1_61' title='bbox 333 1336 424 1408; x_wconf 82' lang='lat' dir='ltr'>ut</span> <span class='ocrx_word' id='word_1_62' title='bbox 485 1336 708 1408; x_wconf 86' lang='lat' dir='ltr'>etiam</span> <span class='ocrx_word' id='word_1_63' title='bbox 776 1331 1178 1409; x_wconf 75' lang='lat' dir='ltr'>dilationes</span> <span class='ocrx_word' id='word_1_64' title='bbox 1239 1340 1694 1410; x_wconf 86' lang='lat' dir='ltr'>intervenire</span> <span class='ocrx_word' id='word_1_65' title='bbox 1753 1333 2121 1434; x_wconf 74' lang='lat' dir='ltr'>piurImae</span> <span class='ocrx_word' id='word_1_66' title='bbox 2167 1336 2509 1434; x_wconf 86' lang='lat' dir='ltr'>possent,</span> <span class='ocrx_word' id='word_1_67' title='bbox 2625 1329 2634 1339; x_wconf 76' lang='grc'><strong><em>’</em></strong></span> 
     </span>
     <span class='ocr_line' id='line_1_11' title="bbox 337 1429 2509 1528; baseline -0.002 -23"><span class='ocrx_word' id='word_1_68' title='bbox 337 1429 460 1505; x_wconf 85' lang='lat' dir='ltr'>vel</span> <span class='ocrx_word' id='word_1_69' title='bbox 525 1432 984 1528; x_wconf 82' lang='lat' dir='ltr'>magistratu</span> <span class='ocrx_word' id='word_1_70' title='bbox 1048 1429 1215 1506; x_wconf 85' lang='lat' dir='ltr'>aliis</span> <span class='ocrx_word' id='word_1_71' title='bbox 1267 1430 1497 1508; x_wconf 86' lang='lat' dir='ltr'>rebus</span> <span class='ocrx_word' id='word_1_72' title='bbox 1556 1435 1654 1505; x_wconf 91' lang='lat' dir='ltr'>im</span> <span class='ocrx_word' id='word_1_73' title='bbox 1716 1431 1959 1523; x_wconf 82' lang='lat' dir='ltr'>edito,</span> <span class='ocrx_word' id='word_1_74' title='bbox 2038 1429 2158 1505; x_wconf 86' lang='lat' dir='ltr'>vel</span> <span class='ocrx_word' id='word_1_75' title='bbox 2206 1431 2509 1528; x_wconf 80' lang='lat' dir='ltr'>litigan·</span> 
     </span>
     <span class='ocr_line' id='line_1_12' title="bbox 338 1526 2512 1628; baseline -0.002 -24"><span class='ocrx_word' id='word_1_76' title='bbox 338 1526 537 1604; x_wconf 85' lang='lat' dir='ltr'>tibus</span> <span class='ocrx_word' id='word_1_77' title='bbox 585 1553 747 1602; x_wconf 87' lang='lat' dir='ltr'>rem</span> <span class='ocrx_word' id='word_1_78' title='bbox 798 1527 1370 1605; x_wconf 83' lang='lat' dir='ltr'>extrahentibus</span> <span class='ocrx_word' id='word_1_79' title='bbox 1396 1533 1523 1628; x_wconf 82' lang='lat'><strong>¹⁶).</strong></span> <span class='ocrx_word' id='word_1_80' title='bbox 1686 1530 1857 1601; x_wconf 87' lang='lat' dir='ltr'>rant</span> <span class='ocrx_word' id='word_1_81' title='bbox 1882 1536 2126 1602; x_wconf 89' lang='lat' dir='ltr'>tam‘en</span> <span class='ocrx_word' id='word_1_82' title='bbox 2152 1534 2512 1627; x_wconf 87' lang='lat' dir='ltr'>quattuor</span> 
     </span>
     <span class='ocr_line' id='line_1_13' title="bbox 341 1626 2510 1727; baseline -0.001 -28"><span class='ocrx_word' id='word_1_83' title='bbox 341 1649 742 1700; x_wconf 88' lang='lat' dir='ltr'>causarum</span> <span class='ocrx_word' id='word_1_84' title='bbox 799 1626 1264 1722; x_wconf 83' lang='lat' dir='ltr'>privatarum</span> <span class='ocrx_word' id='word_1_85' title='bbox 1313 1652 1645 1727; x_wconf 81' lang='lat' dir='ltr'>genera,</span> <span class='ocrx_word' id='word_1_86' title='bbox 1772 1650 1907 1698; x_wconf 89' lang='lat' dir='ltr'>uas</span> <span class='ocrx_word' id='word_1_87' title='bbox 1957 1627 2158 1698; x_wconf 83' lang='lat' dir='ltr'>intra</span> <span class='ocrx_word' id='word_1_88' title='bbox 2207 1628 2510 1724; x_wconf 80' lang='lat' dir='ltr'>trigesi-</span> 
     </span>
     <span class='ocr_line' id='line_1_14' title="bbox 340 1717 2605 1820; baseline -0.001 -24"><span class='ocrx_word' id='word_1_89' title='bbox 340 1748 539 1796; x_wconf 90' lang='lat' dir='ltr'>mum</span> <span class='ocrx_word' id='word_1_90' title='bbox 590 1717 686 1795; x_wconf 86' lang='lat' dir='ltr'>ab</span> <span class='ocrx_word' id='word_1_91' title='bbox 735 1722 1081 1795; x_wconf 82' lang='lat' dir='ltr'>instituta</span> <span class='ocrx_word' id='word_1_92' title='bbox 1131 1729 1431 1799; x_wconf 88' lang='lat' dir='ltr'>actione</span> <span class='ocrx_word' id='word_1_93' title='bbox 1484 1725 1679 1798; x_wconf 90' lang='lat' dir='ltr'>diem</span> <span class='ocrx_word' id='word_1_94' title='bbox 1758 1747 1944 1820; x_wconf 79' lang='lat' dir='ltr'>eges</span> <span class='ocrx_word' id='word_1_95' title='bbox 1978 1719 2369 1795; x_wconf 81' lang='lat' dir='ltr'>diiudicari</span> <span class='ocrx_word' id='word_1_96' title='bbox 2395 1726 2512 1793; x_wconf 87' lang='lat' dir='ltr'>iu·</span> <span class='ocrx_word' id='word_1_97' title='bbox 2599 1765 2605 1770; x_wconf 94' lang='lat'><em>-</em></span> 
     </span>
     <span class='ocr_line' id='line_1_15' title="bbox 346 1818 2511 1915; baseline -0.004 -20"><span class='ocrx_word' id='word_1_98' title='bbox 346 1818 649 1910; x_wconf 80' lang='lat' dir='ltr'>bebant,</span> <span class='ocrx_word' id='word_1_99' title='bbox 695 1820 872 1886; x_wconf 77' lang='grc' dir='ltr'><strong><em>δίκαι</em></strong></span> <span class='ocrx_word' id='word_1_100' title='bbox 927 1820 1283 1915; x_wconf 72' lang='grc' dir='ltr'>ἐμπορικαί,</span> <span class='ocrx_word' id='word_1_101' title='bbox 1327 1827 1639 1915; x_wconf 69' lang='grc' dir='ltr'><strong><em>ἐρανικαὶ,</em></strong></span> <span class='ocrx_word' id='word_1_102' title='bbox 1696 1823 2075 1909; x_wconf 71' lang='grc' dir='ltr'><strong><em>μεταλλικαί</em></strong></span> <span class='ocrx_word' id='word_1_103' title='bbox 2121 1825 2199 1895; x_wconf 85' lang='lat' dir='ltr'>et</span> <span class='ocrx_word' id='word_1_104' title='bbox 2240 1823 2511 1911; x_wconf 77' lang='grc' dir='ltr'><strong><em>προικός,</em></strong></span> 
     </span>
     <span class='ocr_line' id='line_1_16' title="bbox 234 1916 2105 2019; baseline -0.003 -25"><span class='ocrx_word' id='word_1_105' title='bbox 234 1987 239 1994; x_wconf 80' lang='lat'>.</span> <span class='ocrx_word' id='word_1_106' title='bbox 350 1943 540 2019; x_wconf 88' lang='lat' dir='ltr'>quae</span> <span class='ocrx_word' id='word_1_107' title='bbox 590 1922 1004 2016; x_wconf 85' lang='lat' dir='ltr'>propterea</span> <span class='ocrx_word' id='word_1_108' title='bbox 1050 1924 1318 2013; x_wconf 69' lang='grc' dir='ltr'><strong><em>ἔμμηνα</em></strong></span> <span class='ocrx_word' id='word_1_109' title='bbox 1360 1925 1539 1995; x_wconf 77' lang='grc' dir='ltr'><strong><em>δίκαι</em></strong></span> <span class='ocrx_word' id='word_1_110' title='bbox 1581 1923 1950 1991; x_wconf 85' lang='lat' dir='ltr'>vocantur</span> <span class='ocrx_word' id='word_1_111' title='bbox 1978 1916 2105 2011; x_wconf 85' lang='lat'><strong>¹⁷).</strong></span> 
     </span>
    </p>
   </div>
   <div class='ocr_carea' id='block_1_3' title="bbox 1238 2084 1645 2179">
    <p class='ocr_par' dir='ltr' id='par_1_3' title="bbox 1238 2084 1645 2179">
     <span class='ocr_line' id='line_1_17' title="bbox 1238 2084 1645 2179; baseline 0.005 -23"><span class='ocrx_word' id='word_1_112' title='bbox 1238 2088 1310 2179; x_wconf 65' lang='lat' dir='ltr'>g.</span> <span class='ocrx_word' id='word_1_113' title='bbox 1360 2084 1645 2158; x_wconf 81' lang='lat' dir='ltr'>Lvm.</span> 
     </span>
    </p>
   </div>
   <div class='ocr_carea' id='block_1_4' title="bbox 350 2212 2622 2898">
    <p class='ocr_par' dir='ltr' id='par_1_4' title="bbox 350 2212 2622 2898">
     <span class='ocr_line' id='line_1_18' title="bbox 543 2212 2518 2315; baseline 0 -27"><span class='ocrx_word' id='word_1_114' title='bbox 543 2217 731 2289; x_wconf 83' lang='lat' dir='ltr'>Dies</span> <span class='ocrx_word' id='word_1_115' title='bbox 790 2213 888 2288; x_wconf 89' lang='lat' dir='ltr'>ad</span> <span class='ocrx_word' id='word_1_116' title='bbox 958 2212 1320 2288; x_wconf 88' lang='lat' dir='ltr'>orandam</span> <span class='ocrx_word' id='word_1_117' title='bbox 1370 2219 1446 2289; x_wconf 92' lang='lat' dir='ltr'>in</span> <span class='ocrx_word' id='word_1_118' title='bbox 1495 2214 1770 2291; x_wconf 90' lang='lat' dir='ltr'>iudicio</span> <span class='ocrx_word' id='word_1_119' title='bbox 1824 2212 2518 2315; x_wconf 86' lang='lat' dir='ltr'>diiudicandamque</span> 
     </span>
     <span class='ocr_line' id='line_1_19' title="bbox 351 2311 2518 2405; baseline -0.002 -18"><span class='ocrx_word' id='word_1_120' title='bbox 351 2339 653 2387; x_wconf 85' lang='lat' dir='ltr'>causam</span> <span class='ocrx_word' id='word_1_121' title='bbox 703 2314 1112 2385; x_wconf 82' lang='lat' dir='ltr'>constituta</span> <span class='ocrx_word' id='word_1_122' title='bbox 1158 2313 1200 2403; x_wconf 80' lang='grc' dir='ltr'><em>ἢ</em></span> <span class='ocrx_word' id='word_1_123' title='bbox 1239 2320 1426 2405; x_wconf 81' lang='grc' dir='ltr'><strong><em>κυρία</em></strong></span> <span class='ocrx_word' id='word_1_124' title='bbox 1475 2312 1746 2386; x_wconf 86' lang='lat' dir='ltr'>dicitur</span> <span class='ocrx_word' id='word_1_125' title='bbox 1775 2315 1860 2403; x_wconf 90' lang='lat'>¹).</span> <span class='ocrx_word' id='word_1_126' title='bbox 1931 2313 2206 2387; x_wconf 78' lang='lat' dir='ltr'>sortiti</span> <span class='ocrx_word' id='word_1_127' title='bbox 2239 2338 2285 2384; x_wconf 91' lang='lat' dir='ltr'>a</span> <span class='ocrx_word' id='word_1_128' title='bbox 2317 2311 2518 2400; x_wconf 74' lang='lat' dir='ltr'>thes-</span> 
     </span>
     <span class='ocr_line' id='line_1_20' title="bbox 350 2407 2520 2512; baseline -0.002 -28"><span class='ocrx_word' id='word_1_129' title='bbox 350 2409 702 2485; x_wconf 86' lang='lat' dir='ltr'>mothetis</span> <span class='ocrx_word' id='word_1_130' title='bbox 750 2407 1036 2482; x_wconf 88' lang='lat' dir='ltr'>iudices</span> <span class='ocrx_word' id='word_1_131' title='bbox 1087 2418 1485 2512; x_wconf 77' lang='lat' dir='ltr'>postquam</span> <span class='ocrx_word' id='word_1_132' title='bbox 1523 2409 2027 2485; x_wconf 83' lang='lat' dir='ltr'>consederunt</span> <span class='ocrx_word' id='word_1_133' title='bbox 2053 2412 2144 2503; x_wconf 77' lang='lat'>2),</span> <span class='ocrx_word' id='word_1_134' title='bbox 2198 2412 2520 2482; x_wconf 86' lang='lat' dir='ltr'>citantur</span> 
     </span>
     <span class='ocr_line' id='line_1_21' title="bbox 354 2506 2522 2607; baseline -0.003 -24"><span class='ocrx_word' id='word_1_135' title='bbox 354 2535 401 2583; x_wconf 93' lang='lat' dir='ltr'>a</span> <span class='ocrx_word' id='word_1_136' title='bbox 451 2533 828 2607; x_wconf 79' lang='lat' dir='ltr'>praecone</span> <span class='ocrx_word' id='word_1_137' title='bbox 878 2506 1285 2605; x_wconf 76' lang='lat' dir='ltr'>litigantes,</span> <span class='ocrx_word' id='word_1_138' title='bbox 1334 2512 1459 2607; x_wconf 90' lang='lat' dir='ltr'>qui</span> <span class='ocrx_word' id='word_1_139' title='bbox 1509 2512 1574 2582; x_wconf 90' lang='lat' dir='ltr'>si</span> <span class='ocrx_word' id='word_1_140' title='bbox 1601 2508 1899 2600; x_wconf 87' lang='lat' dir='ltr'>adsunt,</span> <span class='ocrx_word' id='word_1_141' title='bbox 1950 2511 2269 2580; x_wconf 83' lang='lat' dir='ltr'>recitato</span> <span class='ocrx_word' id='word_1_142' title='bbox 2311 2511 2522 2605; x_wconf 84' lang='lat' dir='ltr'>prius</span> 
     </span>
     <span class='ocr_line' id='line_1_22' title="bbox 354 2600 2523 2705; baseline -0.001 -26"><span class='ocrx_word' id='word_1_143' title='bbox 354 2632 402 2679; x_wconf 90' lang='lat' dir='ltr'>a</span> <span class='ocrx_word' id='word_1_144' title='bbox 450 2604 705 2679; x_wconf 86' lang='lat' dir='ltr'>scriba</span> <span class='ocrx_word' id='word_1_145' title='bbox 753 2602 1034 2697; x_wconf 65' lang='lat' dir='ltr'>libano,</span> <span class='ocrx_word' id='word_1_146' title='bbox 1084 2601 1318 2677; x_wconf 85' lang='lat' dir='ltr'>verba</span> <span class='ocrx_word' id='word_1_147' title='bbox 1366 2610 1683 2705; x_wconf 83' lang='lat' dir='ltr'>uterque</span> <span class='ocrx_word' id='word_1_148' title='bbox 1712 2605 1965 2679; x_wconf 83' lang='lat' dir='ltr'>facere</span> <span class='ocrx_word' id='word_1_149' title='bbox 1997 2603 2331 2678; x_wconf 84' lang='lat' dir='ltr'>iubetur:</span> <span class='ocrx_word' id='word_1_150' title='bbox 2384 2600 2523 2676; x_wconf 86' lang='lat' dir='ltr'>ab·</span> 
     </span>
     <span class='ocr_line' id='line_1_23' title="bbox 354 2698 2524 2795; baseline -0.002 -20"><span class='ocrx_word' id='word_1_151' title='bbox 354 2706 633 2792; x_wconf 85' lang='lat' dir='ltr'>sentes,</span> <span class='ocrx_word' id='word_1_152' title='bbox 664 2728 840 2775; x_wconf 86' lang='lat' dir='ltr'>reus</span> <span class='ocrx_word' id='word_1_153' title='bbox 866 2704 944 2773; x_wconf 90' lang='lat' dir='ltr'>in</span> <span class='ocrx_word' id='word_1_154' title='bbox 973 2704 1516 2775; x_wconf 74' lang='lat' dir='ltr'>contumaciam</span> <span class='ocrx_word' id='word_1_155' title='bbox 1546 2700 2118 2795; x_wconf 80' lang='lat' dir='ltr'>condemnatur3</span> <span class='ocrx_word' id='word_1_156' title='bbox 2147 2705 2363 2773; x_wconf 83' lang='lat' dir='ltr'>actor</span> <span class='ocrx_word' id='word_1_157' title='bbox 2394 2698 2524 2772; x_wconf 82' lang='lat' dir='ltr'>de-</span> 
     </span>
     <span class='ocr_line' id='line_1_24' title="bbox 357 2798 2622 2898; baseline -0.001 -26"><span class='ocrx_word' id='word_1_158' title='bbox 357 2803 690 2874; x_wconf 85' lang='lat' dir='ltr'>seruisse</span> <span class='ocrx_word' id='word_1_159' title='bbox 760 2824 1063 2871; x_wconf 89' lang='lat' dir='ltr'>causam</span> <span class='ocrx_word' id='word_1_160' title='bbox 1124 2801 1670 2898; x_wconf 79' lang='lat' dir='ltr'>pronunciatur</span> <span class='ocrx_word' id='word_1_161' title='bbox 1736 2798 2190 2897; x_wconf 86' lang='lat' dir='ltr'>alteriusque</span> <span class='ocrx_word' id='word_1_162' title='bbox 2251 2822 2527 2870; x_wconf 90' lang='lat' dir='ltr'>nomen</span> <span class='ocrx_word' id='word_1_163' title='bbox 2617 2822 2622 2829; x_wconf 88' lang='grc'><em>·</em></span> 
     </span>
    </p>
   </div>
   <div class='ocr_carea' id='block_1_5' title="bbox 370 2943 762 2961">
    <p class='ocr_par' dir='ltr' id='par_1_5' title="bbox 370 2943 762 2961">
     <span class='ocr_line' id='line_1_25' title="bbox 370 2943 762 2961; baseline 0 2014"><span class='ocrx_word' id='word_1_164' title='bbox 370 2943 762 2961; x_wconf 95' lang='lat' dir='ltr'> </span> 
     </span>
    </p>
   </div>
   <div class='ocr_carea' id='block_1_6' title="bbox 362 3053 2588 3489">
    <p class='ocr_par' dir='ltr' id='par_1_6' title="bbox 362 3053 2588 3489">
     <span class='ocr_line' id='line_1_26' title="bbox 504 3053 2501 3131; baseline 0 -20"><span class='ocrx_word' id='word_1_165' title='bbox 504 3053 602 3127; x_wconf 85' lang='grc'>14)</span> <span class='ocrx_word' id='word_1_166' title='bbox 640 3056 788 3111; x_wconf 76' lang='lat' dir='ltr'>[bid.</span> <span class='ocrx_word' id='word_1_167' title='bbox 825 3077 877 3130; x_wconf 88' lang='lat' dir='ltr'>p.</span> <span class='ocrx_word' id='word_1_168' title='bbox 913 3056 1018 3113; x_wconf 84' lang='lat'>681</span> <span class='ocrx_word' id='word_1_169' title='bbox 1054 3061 1177 3109; x_wconf 81' lang='lat' dir='ltr'>not.</span> <span class='ocrx_word' id='word_1_170' title='bbox 1214 3057 1283 3111; x_wconf 85' lang='grc'>75</span> <span class='ocrx_word' id='word_1_171' title='bbox 1320 3063 1379 3111; x_wconf 78' lang='lat' dir='ltr'>et</span> <span class='ocrx_word' id='word_1_172' title='bbox 1411 3077 1467 3131; x_wconf 88' lang='grc' dir='ltr'><strong>Ρ.</strong></span> <span class='ocrx_word' id='word_1_173' title='bbox 1505 3056 1631 3113; x_wconf 83' lang='grc'><strong>691.</strong></span> <span class='ocrx_word' id='word_1_174' title='bbox 1703 3059 1864 3113; x_wconf 79' lang='lat' dir='ltr'>Idem</span> <span class='ocrx_word' id='word_1_175' title='bbox 1899 3064 2087 3112; x_wconf 80' lang='lat' dir='ltr'>autem</span> <span class='ocrx_word' id='word_1_176' title='bbox 2127 3057 2197 3109; x_wconf 77' lang='lat' dir='ltr'>cle</span> <span class='ocrx_word' id='word_1_177' title='bbox 2235 3055 2363 3111; x_wconf 82' lang='lat' dir='ltr'>aliis</span> <span class='ocrx_word' id='word_1_178' title='bbox 2388 3076 2501 3129; x_wconf 83' lang='lat' dir='ltr'>quo</span> 
     </span>
     <span class='ocr_line' id='line_1_27' title="bbox 364 3127 2531 3202; baseline 0 -21"><span class='ocrx_word' id='word_1_179' title='bbox 364 3148 475 3202; x_wconf 76' lang='lat' dir='ltr'>que</span> <span class='ocrx_word' id='word_1_180' title='bbox 528 3129 1069 3202; x_wconf 81' lang='lat' dir='ltr'>provocationibus,</span> <span class='ocrx_word' id='word_1_181' title='bbox 1121 3127 1287 3183; x_wconf 85' lang='lat' dir='ltr'>velut</span> <span class='ocrx_word' id='word_1_182' title='bbox 1335 3128 1410 3183; x_wconf 79' lang='lat' dir='ltr'>ad</span> <span class='ocrx_word' id='word_1_183' title='bbox 1447 3129 1860 3198; x_wconf 71' lang='lat' dir='ltr'>exhibendum,</span> <span class='ocrx_word' id='word_1_184' title='bbox 1908 3131 1979 3183; x_wconf 82' lang='lat' dir='ltr'>ad</span> <span class='ocrx_word' id='word_1_185' title='bbox 2018 3131 2405 3183; x_wconf 86' lang='lat' dir='ltr'>testimonium</span> <span class='ocrx_word' id='word_1_186' title='bbox 2445 3129 2531 3182; x_wconf 80' lang='lat' dir='ltr'>di·</span> 
     </span>
     <span class='ocr_line' id='line_1_28' title="bbox 362 3198 2588 3273; baseline 0.001 -19"><span class='ocrx_word' id='word_1_187' title='bbox 362 3202 622 3269; x_wconf 84' lang='lat' dir='ltr'>cendum,</span> <span class='ocrx_word' id='word_1_188' title='bbox 676 3203 805 3254; x_wconf 82' lang='lat' dir='ltr'>fleri</span> <span class='ocrx_word' id='word_1_189' title='bbox 839 3201 1068 3254; x_wconf 83' lang='lat' dir='ltr'>solitum</span> <span class='ocrx_word' id='word_1_190' title='bbox 1115 3219 1242 3254; x_wconf 78' lang='lat' dir='ltr'>esse</span> <span class='ocrx_word' id='word_1_191' title='bbox 1288 3204 1391 3256; x_wconf 82' lang='lat' dir='ltr'>vix</span> <span class='ocrx_word' id='word_1_192' title='bbox 1436 3220 1582 3273; x_wconf 79' lang='lat' dir='ltr'>opus</span> <span class='ocrx_word' id='word_1_193' title='bbox 1629 3211 1718 3257; x_wconf 86' lang='lat' dir='ltr'>est</span> <span class='ocrx_word' id='word_1_194' title='bbox 1760 3221 1996 3257; x_wconf 85' lang='lat' dir='ltr'>mouere</span> <span class='ocrx_word' id='word_1_195' title='bbox 2042 3198 2254 3268; x_wconf 86' lang='lat' dir='ltr'>(Proc.</span> <span class='ocrx_word' id='word_1_196' title='bbox 2304 3198 2424 3254; x_wconf 75' lang='lat' dir='ltr'>Att.</span> <span class='ocrx_word' id='word_1_197' title='bbox 2473 3220 2531 3271; x_wconf 80' lang='grc' dir='ltr'><strong>Ρ.</strong></span> <span class='ocrx_word' id='word_1_198' title='bbox 2587 3260 2588 3263; x_wconf 49' lang='lat'>,</span> 
     </span>
     <span class='ocr_line' id='line_1_29' title="bbox 363 3271 2534 3346; baseline -0.001 -19"><span class='ocrx_word' id='word_1_199' title='bbox 363 3274 485 3327; x_wconf 82' lang='lat'><strong>665.</strong></span> <span class='ocrx_word' id='word_1_200' title='bbox 523 3276 645 3328; x_wconf 87' lang='grc'><strong>677.</strong></span> <span class='ocrx_word' id='word_1_201' title='bbox 679 3272 832 3341; x_wconf 87' lang='grc'><strong>678.)</strong></span> <span class='ocrx_word' id='word_1_202' title='bbox 885 3280 943 3325; x_wconf 83' lang='lat' dir='ltr'>et</span> <span class='ocrx_word' id='word_1_203' title='bbox 990 3272 1271 3325; x_wconf 83' lang='lat' dir='ltr'>eiusmodi</span> <span class='ocrx_word' id='word_1_204' title='bbox 1317 3278 1794 3346; x_wconf 79' lang='lat' dir='ltr'>provocationum</span> <span class='ocrx_word' id='word_1_205' title='bbox 1830 3274 2055 3328; x_wconf 82' lang='lat' dir='ltr'>tabulas</span> <span class='ocrx_word' id='word_1_206' title='bbox 2091 3291 2209 3325; x_wconf 89' lang='lat' dir='ltr'>non</span> <span class='ocrx_word' id='word_1_207' title='bbox 2245 3271 2460 3325; x_wconf 81' lang='lat' dir='ltr'>diversi</span> <span class='ocrx_word' id='word_1_208' title='bbox 2497 3291 2534 3324; x_wconf 87' lang='lat' dir='ltr'>a</span> 
     </span>
     <span class='ocr_line' id='line_1_30' title="bbox 365 3344 2531 3419; baseline -0 -22"><span class='ocrx_word' id='word_1_209' title='bbox 365 3347 571 3398; x_wconf 82' lang='lat' dir='ltr'>ceteris</span> <span class='ocrx_word' id='word_1_210' title='bbox 605 3348 834 3414; x_wconf 78' lang='lat' dir='ltr'>generis</span> <span class='ocrx_word' id='word_1_211' title='bbox 872 3362 996 3398; x_wconf 80' lang='lat' dir='ltr'>esse</span> <span class='ocrx_word' id='word_1_212' title='bbox 1034 3348 1303 3416; x_wconf 72' lang='lat' dir='ltr'>apparete</span> <span class='ocrx_word' id='word_1_213' title='bbox 1351 3347 1643 3419; x_wconf 82' lang='lat' dir='ltr'>pertinent</span> <span class='ocrx_word' id='word_1_214' title='bbox 1676 3349 1854 3416; x_wconf 78' lang='lat' dir='ltr'>igitur</span> <span class='ocrx_word' id='word_1_215' title='bbox 1888 3346 1963 3400; x_wconf 75' lang='lat' dir='ltr'>ad</span> <span class='ocrx_word' id='word_1_216' title='bbox 1997 3344 2311 3399; x_wconf 82' lang='lat' dir='ltr'>secundum</span> <span class='ocrx_word' id='word_1_217' title='bbox 2346 3361 2531 3414; x_wconf 77' lang='lat' dir='ltr'>genus</span> 
     </span>
     <span class='ocr_line' id='line_1_31' title="bbox 363 3417 784 3489; baseline 0.002 -20"><span class='ocrx_word' id='word_1_218' title='bbox 363 3417 784 3489; x_wconf 78' lang='lat' dir='ltr'>probationum.</span> 
     </span>
    </p>
   </div>
   <div class='ocr_carea' id='block_1_7' title="bbox 510 3521 1696 3596">
    <p class='ocr_par' dir='ltr' id='par_1_7' title="bbox 510 3521 1696 3596">
     <span class='ocr_line' id='line_1_32' title="bbox 510 3521 1696 3596; baseline -0.003 -18"><span class='ocrx_word' id='word_1_219' title='bbox 510 3521 608 3592; x_wconf 83' lang='lat'>15)</span> <span class='ocrx_word' id='word_1_220' title='bbox 642 3526 735 3577; x_wconf 85' lang='lat' dir='ltr'>De</span> <span class='ocrx_word' id='word_1_221' title='bbox 769 3523 921 3595; x_wconf 72' lang='grc' dir='ltr'><strong><em>ἐχίνῳ</em></strong></span> <span class='ocrx_word' id='word_1_222' title='bbox 956 3521 1076 3576; x_wconf 71' lang='lat' dir='ltr'>vicl.</span> <span class='ocrx_word' id='word_1_223' title='bbox 1111 3523 1280 3576; x_wconf 85' lang='lat' dir='ltr'>Proc.</span> <span class='ocrx_word' id='word_1_224' title='bbox 1316 3524 1443 3578; x_wconf 76' lang='lat' dir='ltr'>Att.</span> <span class='ocrx_word' id='word_1_225' title='bbox 1478 3542 1535 3596; x_wconf 88' lang='grc' dir='ltr'><strong>Ρ.</strong></span> <span class='ocrx_word' id='word_1_226' title='bbox 1574 3522 1696 3578; x_wconf 88' lang='grc'><strong>691.</strong></span> 
     </span>
    </p>
   </div>
   <div class='ocr_carea' id='block_1_8' title="bbox 365 3621 2534 3776">
    <p class='ocr_par' dir='ltr' id='par_1_8' title="bbox 365 3621 2534 3776">
     <span class='ocr_line' id='line_1_33' title="bbox 512 3621 2534 3702; baseline -0.005 -16"><span class='ocrx_word' id='word_1_227' title='bbox 512 3631 608 3701; x_wconf 85' lang='grc'>16)</span> <span class='ocrx_word' id='word_1_228' title='bbox 643 3633 813 3685; x_wconf 82' lang='lat' dir='ltr'>Proc.</span> <span class='ocrx_word' id='word_1_229' title='bbox 853 3632 967 3684; x_wconf 77' lang='lat' dir='ltr'>Att.</span> <span class='ocrx_word' id='word_1_230' title='bbox 1003 3649 1061 3701; x_wconf 85' lang='lat' dir='ltr'>p.</span> <span class='ocrx_word' id='word_1_231' title='bbox 1096 3628 1205 3683; x_wconf 84' lang='grc'>694</span> <span class='ocrx_word' id='word_1_232' title='bbox 1240 3633 1359 3682; x_wconf 85' lang='lat' dir='ltr'>not·</span> <span class='ocrx_word' id='word_1_233' title='bbox 1395 3628 1450 3683; x_wconf 83' lang='grc'><strong>3.</strong></span> <span class='ocrx_word' id='word_1_234' title='bbox 1498 3629 1632 3681; x_wconf 83' lang='lat' dir='ltr'>Huc</span> <span class='ocrx_word' id='word_1_235' title='bbox 1669 3630 1958 3702; x_wconf 80' lang='lat' dir='ltr'>pertinent</span> <span class='ocrx_word' id='word_1_236' title='bbox 1991 3626 2147 3680; x_wconf 79' lang='lat' dir='ltr'>hand</span> <span class='ocrx_word' id='word_1_237' title='bbox 2185 3623 2357 3677; x_wconf 77' lang='lat' dir='ltr'>dubie</span> <span class='ocrx_word' id='word_1_238' title='bbox 2391 3621 2534 3678; x_wconf 76' lang='grc' dir='ltr'><em>ὕπω·</em></span> 
     </span>
     <span class='ocr_line' id='line_1_34' title="bbox 365 3695 2533 3776; baseline -0.005 -18"><span class='ocrx_word' id='word_1_239' title='bbox 365 3707 551 3774; x_wconf 55' lang='lat' dir='ltr'>ficoclae</span> <span class='ocrx_word' id='word_1_240' title='bbox 610 3721 784 3776; x_wconf 83' lang='lat' dir='ltr'>quum</span> <span class='ocrx_word' id='word_1_241' title='bbox 831 3703 929 3772; x_wconf 84' lang='lat' dir='ltr'>qui</span> <span class='ocrx_word' id='word_1_242' title='bbox 975 3704 1036 3754; x_wconf 89' lang='lat' dir='ltr'>in</span> <span class='ocrx_word' id='word_1_243' title='bbox 1083 3703 1175 3754; x_wconf 85' lang='lat' dir='ltr'>ius</span> <span class='ocrx_word' id='word_1_244' title='bbox 1221 3718 1342 3754; x_wconf 89' lang='lat' dir='ltr'>non</span> <span class='ocrx_word' id='word_1_245' title='bbox 1387 3707 1631 3755; x_wconf 77' lang='lat' dir='ltr'>venerat</span> <span class='ocrx_word' id='word_1_246' title='bbox 1671 3705 1798 3755; x_wconf 84' lang='lat' dir='ltr'>iure</span> <span class='ocrx_word' id='word_1_247' title='bbox 1844 3699 2088 3755; x_wconf 85' lang='lat' dir='ltr'>iurando</span> <span class='ocrx_word' id='word_1_248' title='bbox 2136 3695 2533 3751; x_wconf 75' lang='lat' dir='ltr'>excusabatur.</span> 
     </span>
    </p>
   </div>
   <div class='ocr_carea' id='block_1_9' title="bbox 367 3772 1649 3952">
    <p class='ocr_par' dir='ltr' id='par_1_9' title="bbox 367 3772 1649 3952">
     <span class='ocr_line' id='line_1_35' title="bbox 367 3772 1117 3843; baseline -0.011 -11"><span class='ocrx_word' id='word_1_249' title='bbox 367 3777 513 3833; x_wconf 76' lang='lat' dir='ltr'>Ihid.</span> <span class='ocrx_word' id='word_1_250' title='bbox 552 3787 607 3839; x_wconf 84' lang='grc' dir='ltr'><strong>Ρ.</strong></span> <span class='ocrx_word' id='word_1_251' title='bbox 645 3774 752 3829; x_wconf 89' lang='grc'>695</span> <span class='ocrx_word' id='word_1_252' title='bbox 790 3778 850 3827; x_wconf 79' lang='lat' dir='ltr'>et</span> <span class='ocrx_word' id='word_1_253' title='bbox 886 3772 994 3829; x_wconf 86' lang='grc'>698</span> <span class='ocrx_word' id='word_1_254' title='bbox 1029 3791 1117 3843; x_wconf 81' lang='lat' dir='ltr'>sq.</span> 
     </span>
     <span class='ocr_line' id='line_1_36' title="bbox 487 3878 1649 3952; baseline -0.002 -17"><span class='ocrx_word' id='word_1_255' title='bbox 487 3878 611 3952; x_wconf 65' lang='lat'>117)</span> <span class='ocrx_word' id='word_1_256' title='bbox 647 3880 799 3937; x_wconf 78' lang='lat' dir='ltr'>lbid.</span> <span class='ocrx_word' id='word_1_257' title='bbox 832 3892 888 3945; x_wconf 80' lang='lat' dir='ltr'>p.</span> <span class='ocrx_word' id='word_1_258' title='bbox 923 3878 1049 3934; x_wconf 89' lang='grc'><strong>695.</strong></span> <span class='ocrx_word' id='word_1_259' title='bbox 1085 3878 1394 3934; x_wconf 79' lang='grc'><strong>537-544</strong></span> <span class='ocrx_word' id='word_1_260' title='bbox 1431 3883 1490 3933; x_wconf 84' lang='lat' dir='ltr'>et</span> <span class='ocrx_word' id='word_1_261' title='bbox 1523 3879 1649 3933; x_wconf 77' lang='lat'><strong>425.</strong></span> 
     </span>
    </p>
   </div>
   <div class='ocr_carea' id='block_1_10' title="bbox 515 3981 2640 4059">
    <p class='ocr_par' dir='ltr' id='par_1_10' title="bbox 515 3981 2640 4059">
     <span class='ocr_line' id='line_1_37' title="bbox 515 3981 2640 4059; baseline -0.002 -18"><span class='ocrx_word' id='word_1_262' title='bbox 515 3984 578 4057; x_wconf 89' lang='lat' dir='ltr'>l)</span> <span class='ocrx_word' id='word_1_263' title='bbox 619 3989 709 4040; x_wconf 87' lang='lat' dir='ltr'>De</span> <span class='ocrx_word' id='word_1_264' title='bbox 747 3985 950 4040; x_wconf 76' lang='lat' dir='ltr'>diebus</span> <span class='ocrx_word' id='word_1_265' title='bbox 987 3984 1196 4058; x_wconf 81' lang='lat' dir='ltr'>quibus</span> <span class='ocrx_word' id='word_1_266' title='bbox 1239 3985 1456 4040; x_wconf 79' lang='lat' dir='ltr'>iudicia</span> <span class='ocrx_word' id='word_1_267' title='bbox 1487 3984 1692 4039; x_wconf 80' lang='lat' dir='ltr'>haberi</span> <span class='ocrx_word' id='word_1_268' title='bbox 1728 3984 2004 4039; x_wconf 76' lang='lat' dir='ltr'>deberent</span> <span class='ocrx_word' id='word_1_269' title='bbox 2038 4001 2073 4035; x_wconf 86' lang='lat' dir='ltr'>a</span> <span class='ocrx_word' id='word_1_270' title='bbox 2110 3981 2540 4038; x_wconf 78' lang='lat' dir='ltr'>Thesmothetis</span> <span class='ocrx_word' id='word_1_271' title='bbox 2635 4054 2640 4059; x_wconf 78' lang='lat'><strong>.</strong></span> 
     </span>
    </p>
   </div>
   <div class='ocr_carea' id='block_1_11' title="bbox 378 4055 2246 4132">
    <p class='ocr_par' dir='ltr' id='par_1_11' title="bbox 378 4055 2246 4132">
     <span class='ocr_line' id='line_1_38' title="bbox 378 4055 2246 4132; baseline -0.004 -18"><span class='ocrx_word' id='word_1_272' title='bbox 378 4058 580 4113; x_wconf 82' lang='lat' dir='ltr'>edictis</span> <span class='ocrx_word' id='word_1_273' title='bbox 616 4058 736 4112; x_wconf 75' lang='lat' dir='ltr'>vid.</span> <span class='ocrx_word' id='word_1_274' title='bbox 773 4077 928 4131; x_wconf 80' lang='lat' dir='ltr'>supr.</span> <span class='ocrx_word' id='word_1_275' title='bbox 967 4055 1020 4121; x_wconf 88' lang='lat'>§.</span> <span class='ocrx_word' id='word_1_276' title='bbox 1057 4058 1149 4124; x_wconf 80' lang='lat'>50,</span> <span class='ocrx_word' id='word_1_277' title='bbox 1184 4057 1236 4111; x_wconf 88' lang='grc'>5.</span> <span class='ocrx_word' id='word_1_278' title='bbox 1309 4060 1401 4113; x_wconf 85' lang='lat' dir='ltr'>De</span> <span class='ocrx_word' id='word_1_279' title='bbox 1434 4061 1590 4132; x_wconf 68' lang='grc' dir='ltr'><strong><em>κυρίᾳ</em></strong></span> <span class='ocrx_word' id='word_1_280' title='bbox 1629 4056 1700 4111; x_wconf 83' lang='lat' dir='ltr'>cf.</span> <span class='ocrx_word' id='word_1_281' title='bbox 1733 4059 1802 4112; x_wconf 82' lang='lat' dir='ltr'>P.</span> <span class='ocrx_word' id='word_1_282' title='bbox 1839 4058 1991 4120; x_wconf 74' lang='lat' dir='ltr'>A.p.</span> <span class='ocrx_word' id='word_1_283' title='bbox 2030 4055 2137 4112; x_wconf 86' lang='grc'>693</span> <span class='ocrx_word' id='word_1_284' title='bbox 2158 4074 2246 4130; x_wconf 73' lang='lat' dir='ltr'>sq.</span> 
     </span>
    </p>
   </div>
   <div class='ocr_carea' id='block_1_12' title="bbox 374 4160 2546 4382">
    <p class='ocr_par' dir='ltr' id='par_1_12' title="bbox 374 4160 2546 4382">
     <span class='ocr_line' id='line_1_39' title="bbox 513 4160 2546 4237; baseline -0.003 -18"><span class='ocrx_word' id='word_1_285' title='bbox 513 4162 581 4234; x_wconf 81' lang='lat'>2)</span> <span class='ocrx_word' id='word_1_286' title='bbox 616 4166 709 4218; x_wconf 88' lang='lat' dir='ltr'>De</span> <span class='ocrx_word' id='word_1_287' title='bbox 742 4166 949 4236; x_wconf 69' lang='grc' dir='ltr'>σημείῳ,</span> <span class='ocrx_word' id='word_1_288' title='bbox 988 4162 1058 4217; x_wconf 82' lang='lat' dir='ltr'>de</span> <span class='ocrx_word' id='word_1_289' title='bbox 1093 4162 1299 4216; x_wconf 70' lang='lat' dir='ltr'>ritibus</span> <span class='ocrx_word' id='word_1_290' title='bbox 1334 4167 1514 4217; x_wconf 84' lang='lat' dir='ltr'>sacris</span> <span class='ocrx_word' id='word_1_291' title='bbox 1548 4166 1612 4217; x_wconf 87' lang='lat' dir='ltr'>in</span> <span class='ocrx_word' id='word_1_292' title='bbox 1648 4163 1861 4220; x_wconf 77' lang='lat' dir='ltr'>iudicio</span> <span class='ocrx_word' id='word_1_293' title='bbox 1899 4164 2173 4237; x_wconf 75' lang='lat' dir='ltr'>peractis,</span> <span class='ocrx_word' id='word_1_294' title='bbox 2218 4160 2292 4216; x_wconf 75' lang='lat' dir='ltr'>«le</span> <span class='ocrx_word' id='word_1_295' title='bbox 2326 4163 2546 4216; x_wconf 80' lang='lat' dir='ltr'>toxotis</span> 
     </span>
     <span class='ocr_line' id='line_1_40' title="bbox 376 4231 2543 4308; baseline -0.002 -20"><span class='ocrx_word' id='word_1_296' title='bbox 376 4237 527 4308; x_wconf 77' lang='lat' dir='ltr'>apud</span> <span class='ocrx_word' id='word_1_297' title='bbox 567 4236 929 4291; x_wconf 82' lang='lat' dir='ltr'>dicasterium</span> <span class='ocrx_word' id='word_1_298' title='bbox 968 4234 1264 4288; x_wconf 80' lang='lat' dir='ltr'>collocatis</span> <span class='ocrx_word' id='word_1_299' title='bbox 1299 4236 1420 4289; x_wconf 78' lang='lat' dir='ltr'>vid.</span> <span class='ocrx_word' id='word_1_300' title='bbox 1455 4238 1527 4290; x_wconf 84' lang='lat' dir='ltr'>P.</span> <span class='ocrx_word' id='word_1_301' title='bbox 1564 4238 1632 4291; x_wconf 75' lang='lat' dir='ltr'>A.</span> <span class='ocrx_word' id='word_1_302' title='bbox 1669 4249 1725 4302; x_wconf 79' lang='grc' dir='ltr'><strong>Ρ.</strong></span> <span class='ocrx_word' id='word_1_303' title='bbox 1766 4237 1889 4291; x_wconf 83' lang='grc'><strong>705.</strong></span> <span class='ocrx_word' id='word_1_304' title='bbox 1964 4237 2230 4291; x_wconf 79' lang='lat' dir='ltr'>Ceterum</span> <span class='ocrx_word' id='word_1_305' title='bbox 2268 4231 2543 4306; x_wconf 82' lang='lat' dir='ltr'>plurimos</span> 
     </span>
     <span class='ocr_line' id='line_1_41' title="bbox 374 4303 2543 4382; baseline -0.003 -21"><span class='ocrx_word' id='word_1_306' title='bbox 374 4308 499 4361; x_wconf 84' lang='lat' dir='ltr'>fere</span> <span class='ocrx_word' id='word_1_307' title='bbox 553 4311 724 4363; x_wconf 83' lang='lat' dir='ltr'>etiam</span> <span class='ocrx_word' id='word_1_308' title='bbox 759 4314 987 4382; x_wconf 76' lang='lat' dir='ltr'>praeter</span> <span class='ocrx_word' id='word_1_309' title='bbox 1021 4306 1242 4360; x_wconf 83' lang='lat' dir='ltr'>iudices</span> <span class='ocrx_word' id='word_1_310' title='bbox 1279 4308 1533 4362; x_wconf 79' lang='lat' dir='ltr'>adfuisse</span> <span class='ocrx_word' id='word_1_311' title='bbox 1596 4308 1889 4364; x_wconf 70' lang='lat' dir='ltr'>auditore·</span> <span class='ocrx_word' id='word_1_312' title='bbox 1941 4308 2108 4364; x_wconf 79' lang='lat' dir='ltr'>multi</span> <span class='ocrx_word' id='word_1_313' title='bbox 2150 4307 2266 4361; x_wconf 87' lang='lat' dir='ltr'>loci</span> <span class='ocrx_word' id='word_1_314' title='bbox 2314 4303 2543 4359; x_wconf 78' lang='lat' dir='ltr'>docent.</span> 
     </span>
    </p>
   </div>
   <div class='ocr_carea' id='block_1_13' title="bbox 376 4378 1520 4456">
    <p class='ocr_par' dir='ltr' id='par_1_13' title="bbox 376 4378 1520 4456">
     <span class='ocr_line' id='line_1_42' title="bbox 376 4378 1520 4456; baseline 0.007 -24"><span class='ocrx_word' id='word_1_315' title='bbox 376 4379 523 4436; x_wconf 74' lang='lat' dir='ltr'>vid.</span> <span class='ocrx_word' id='word_1_316' title='bbox 556 4380 638 4437; x_wconf 73' lang='lat' dir='ltr'>il».</span> <span class='ocrx_word' id='word_1_317' title='bbox 673 4401 730 4456; x_wconf 79' lang='grc' dir='ltr'><strong>Ρ.</strong></span> <span class='ocrx_word' id='word_1_318' title='bbox 771 4381 877 4437; x_wconf 85' lang='grc'>705</span> <span class='ocrx_word' id='word_1_319' title='bbox 911 4385 971 4436; x_wconf 86' lang='lat' dir='ltr'>et</span> <span class='ocrx_word' id='word_1_320' title='bbox 1007 4378 1080 4433; x_wconf 78' lang='lat' dir='ltr'>ad</span> <span class='ocrx_word' id='word_1_321' title='bbox 1113 4379 1263 4436; x_wconf 75' lang='lat' dir='ltr'>Isae.</span> <span class='ocrx_word' id='word_1_322' title='bbox 1300 4397 1358 4454; x_wconf 79' lang='lat' dir='ltr'>p·</span> <span class='ocrx_word' id='word_1_323' title='bbox 1396 4380 1520 4441; x_wconf 86' lang='lat'><strong>178.</strong></span> 
     </span>
    </p>
   </div>
  </div>
 </body>
</html>
