3067 4975
876 369 952 452 ,8.
999 351 1581 472 Deam-eptam
1617 373 1960 478 pamm.
2407 377 2557 454 339
2606 375 2610 380 ·

367 554 618 632 aetate
678 580 836 628 non
884 552 1203 653 amplius
1254 548 1667 635 observata
1716 554 2051 631 videmus
2080 556 2151 653 ⁵)
2203 561 2547 635 omnino-

367 679 511 755 que
586 655 842 750 prisca
901 650 1338 750 disciplinae
1399 654 1768 728 severitas
1817 651 1946 727 illo
1995 660 2337 754 tempore
2388 683 2545 734 om-

361 749 587 825 nibus
637 747 882 824 modis
929 748 1192 824 laxata
1240 752 1319 823 et
1365 753 1689 823 remissa
1737 754 1904 825 erat
1930 754 2018 844 ⁶).

1178 958 1247 1038 §.
1296 950 1738 1027 LXXXVI.

555 1080 1052 1158 Tenebantur
1101 1087 1349 1159 autem
1397 1088 1619 1184 pueri
1691 1088 1770 1157 in
1828 1082 1961 1159 illo
2022 1090 2350 1165 musicae
2404 1115 2545 1193 gy-

359 1185 916 1282 mnasticaeque
959 1180 1397 1281 disciplinae
1444 1180 1635 1256 orbe
1677 1180 1840 1256 fere
1870 1209 2111 1285 usque
2143 1185 2238 1258 ad
2268 1212 2544 1264 annum

364 1276 1095 1377 duodevigesimum,
1170 1282 1278 1351 ita
1341 1276 1633 1379 quidem
1699 1281 1785 1353 ut
1846 1283 2312 1379 postremum
2366 1288 2545 1361 ante

361 1373 506 1448 hoc
554 1378 848 1473 tempus
903 1373 1274 1465 biennium
1338 1380 1755 1474 gymnasiis
1806 1380 2272 1476 potissimum
2325 1380 2543 1457 dare-

357 1475 485 1545 tur
516 1475 609 1567 ¹),
664 1499 812 1572 quo
862 1471 1126 1546 melius
1178 1471 1465 1546 scilicet
1567 1479 1950 1571 raeparati
1994 1474 2330 1551 militiam
2361 1504 2543 1553 mox

358 1572 557 1643 inter
623 1573 1068 1661 circuitores
1132 1596 1401 1670 usque·
1433 1499 1562 1643 acl)
1583 1574 2021 1670 vigesimum
2065 1599 2350 1648 ‘annum
2403 1572 2542 1650 ob-

362 1665 680 1741 eundam
742 1667 1161 1741 tolerarent
1187 1668 1281 1761 2).
1393 1666 1618 1740 Multi
1682 1694 1901 1762 vero,
1992 1696 2145 1743 non
2179 1676 2544 1758 ¹contenti

325 1762 489 1838 illa
535 1762 888 1864 populari
940 1762 1354 1863 disciplina,
1407 1767 1630 1838 etiam
1678 1765 1900 1864 plura
1949 1768 2029 1840 in
2052 1770 2377 1869 utroque
2404 1795 2545 1869 ge·

358 1887 544 1935 nere
605 1860 953 1960 amplecti
1012 1859 1413 1936 studebant
1436 1864 1541 1955 ³):
1634 1861 1833 1937 velut
1902 1867 1981 1936 in
2052 1869 2546 1965 gymnasticis

358 1960 729 2047 ὃπλομαχία
781 1958 1131 2034 Socratis
1208 1964 1463 2034 aetate
1528 1958 1627 2033 ab
1694 1958 2304 2037 adolescentibus
2358 1964 2568 2038 disci·

360 2065 613 2156 coepit
637 2054 791 2153 4),'
834 2061 914 2129 in
964 2059 1265 2131 musicis
1313 2061 1739 2155 geometria
1786 2055 2083 2160 aliaque
2133 2059 2545 2136 mathema-

455 2259 573 2390 7ὅ)
612 2262 754 2317 vid.
803 2281 853 2321 e.
905 2281 954 2317 c.
998 2263 1149 2319 Plat.
1196 2265 1334 2336 Lys.
1379 2285 1437 2338 p.
1481 2266 1591 2320 206
1635 2267 1708 2320 D.
1747 2264 1838 2320 ef.
1878 2223 2260 2339 Theophrast.
2294 2266 2547 2325 charact.

365 2353 415 2389 c.
492 2367 508 2385 .

507 2436 571 2511 6)
609 2438 903 2513 Aristoph.
954 2440 1140 2495 Nubb.
1194 2461 1246 2496 v.
1294 2442 1401 2498 955
1442 2461 1562 2516 sqq.
1637 2441 1832 2519 Plaut.
1883 2442 2154 2500 Bacchid.
2199 2445 2304 2514 111,
2352 2446 2409 2516 3,
2455 2445 2545 2502 17.

365 2515 570 2569 Cicero
610 2513 682 2566 de
718 2533 783 2567 re
816 2513 976 2586 publ.
1017 2515 1066 2582 l,
1101 2514 1189 2569 43.

503 2620 560 2687 1)
598 2621 727 2674 Hoc
775 2620 1068 2680 biennium
1122 2620 1455 2691 designatur
1511 2623 1574 2674 in
1620 2624 1921 2676 notissima
1965 2620 2216 2677 formula
2256 2619 2344 2677 ἐπὶ
2393 2619 2546 2681 satec

359 2690 511 2760 ἧβᾶν,
559 2691 631 2744 de
675 2694 748 2745 iis
797 2696 895 2765 qui
944 2700 1070 2764 post
1118 2692 1415 2747 biennium
1464 2693 1557 2765 ἀφ’
1591 2692 1720 2764 ἥβης
1755 2696 1870 2747 iam
1918 2692 2280 2748 laxiarchicis
2327 2694 2546 2749 tabulis

344 2763 787 2831 inscribuntur,
838 2764 992 2837 quod
1039 2763 1517 2835 duodevigesimo
1557 2770 1761 2820 aetatis
1800 2784 1955 2820 anno
1990 2766 2206 2819 factum
2245 2784 2373 2820 esse
2406 2784 2547 2819 oon-

362 2842 495 2888 stat.
570 2835 713 2888 Vid.
751 2854 899 2907 quae
937 2838 1113 2889 citavi
1152 2836 1223 2890 de
1260 2841 1477 2891 comitt.
1515 2857 1573 2908 p.
1612 2839 1698 2893 76.
1735 2838 1822 2892 77.
1858 2837 1938 2895 Et
1971 2837 2130 2891 illam
2159 2838 2368 2891 παίδων
2387 2837 2543 2892 δοκι-

360 2909 583 2978 μασίαν,
630 2911 791 2959 cuius
832 2907 1128 2979 Aristoph.
1175 2909 1357 2980 Vesp.
1400 2927 1458 2964 v,
1505 2911 1615 2963 ⁵78
1650 2911 1999 2962 mentionem
2046 2909 2203 2977 facit,
2249 2918 2418 2962 vetus
2454 2912 2544 2963 in-

361 2987 583 3050 terpres
618 2981 906 3050 pertinere
946 2981 1027 3032 ait
1063 2978 1135 3031 ad
1170 2976 1448 3051 γυμνικοῦς
1479 2980 1720 3052 α’γῶναςε
1757 2979 1964 3045 voluit,
1999 2983 2223 3052 opinor,
2259 2981 2452 3034 dicere
2473 2979 2551 3035 ad.

360 3055 720 3120 gymnastica
757 3054 1028 3104 exercitia
1065 3070 1135 3104 ea
1172 3070 1319 3124 quae
1353 3051 1632 3124 puberum
1670 3055 1903 3124 propria
1926 3058 2138 3104 essent·
2187 3050 2279 3106 cf.
2318 3059 2378 3105 et
2401 3070 2547 3125 qnos

361 3138 536 3194 supra
583 3140 706 3195 cap.
757 3124 807 3174 2.
859 3121 914 3187 ξ.
965 3124 1054 3190 25,
1096 3125 1164 3176 10
1201 3126 1523 3178 citavimus.
1598 3126 1871 3178 Ceterum
1920 3126 2092 3177 etiam
2129 3122 2382 3195 ephebos
2415 3130 2552 3195 post

362 3212 575 3246 annum
615 3193 1145 3261 duodevigesimum
1185 3214 1303 3248 non
1343 3195 1614 3249 exclusos
1648 3197 1966 3266 gymnasiis
2016 3213 2143 3249 esse
2182 3202 2402 3249 certum
2441 3200 2547 3251 ont.

361 3265 507 3319 Vid.
543 3264 802 3319 Boeckh.
843 3265 914 3318 de
951 3264 1155 3339 epheb.
1192 3286 1249 3339 p.
1287 3266 1341 3320 8.
1935 3286 1940 3303 ³

503 3369 570 3442 2)
614 3372 870 3442 Legibus
957 3375 1323 3445 raescriptam
1371 3376 1433 3427 in
1469 3374 1786 3443 gymnasiis
1828 3373 2298 3427 exercitationem
2335 3375 2548 3427 civium

363 3441 566 3497 liberis
598 3445 863 3497 omnibus
929 3447 1082 3497 uisse
1120 3463 1153 3497 e
1189 3445 1610 3499 recentioribus
1636 3444 2013 3516 scriptoribus
2036 3444 2199 3499 multi
2224 3444 2546 3518 perhibent,

364 3527 649 3582 veterum,
687 3514 840 3588 quod
879 3518 1077 3578 sciam,
1112 3534 1305 3583 nemo,
1340 3519 1454 3570 nisi
1492 3519 1621 3588 quis
1658 3515 1774 3569 buc
1820 3514 2050 3570 trahere
2098 3516 2246 3570 velit
2280 3516 2545 3570 Platonis

363 3587 568 3649 verba,
616 3589 835 3641 Criton.
881 3607 937 3660 p.
975 3589 1064 3642 50.
1107 3590 1196 3641 D=
1232 3587 1264 3654 ἢ
1299 3588 1358 3642 οὗ
1399 3589 1570 3645 καλῶς
1613 3593 1945 3661 προσέταττον
1988 3587 2139 3660 ἡμῶν
2185 3589 2236 3641 οἱ
2280 3588 2365 3642 ἐπὶ
2395 3588 2546 3659 worp

357 3663 656 3746 τεταγμένῃ
698 3659 849 3748 νόμοῖ
890 3660 1328 3735 παραγγέλλοντες
1363 3660 1434 3731 τῷ
1477 3659 1633 3734 πατρὶ
1663 3659 1735 3730 τῷ
1767 3659 1845 3731 σῷ
1876 3674 1933 3713 σε
1964 3660 2020 3712 ἐν
2047 3659 2293 3748 opetum}
2320 3658 2414 3713 καὶ
2428 3678 2545 3748 ‚yv-

361 3749 648 3857 5‘5‘30'3'1'3'.
658 3749 735 3872 ⁷²5
726 3729 972 3874 ξῖἷῖἒῖἔὶ..
1005 3730 2115 3889 {3352133535353333&033532
2149 3732 2549 3874 ἱῗῗῖἴέἑζῖἶ

367 3892 415 3927 ο.
455 3874 542 3936 17,
588 3872 923 3947 nullamque
958 3874 1065 3930 hac
1104 3875 1174 3928 de
1209 3894 1275 3928 re
1320 3875 1507 3946 legem
1557 3874 1735 3928 fuisse
1777 3876 1949 3927 etiam
1984 3876 2136 3927 Aesc
2176 3876 2301 3928 ines
2339 3873 2550 3927 docere

365 3953 559 4017 potest
600 3947 664 3999 in
713 3945 1002 4003 Timarch.
1049 3966 1102 4019 p.
1162 3949 1280 4002 147.
1351 3945 1665 4002 Desolatas
1698 3963 1806 4000 sua
1841 3953 2030 4000 aetate
2067 3944 2384 4019 palaestras
2422 3963 2549 4000 esse

367 4015 789 4088 Aristophanes
830 4020 1106 4090 queritur.
1140 4018 1343 4073 Nubb.
1378 4038 1437 4073 v.
1476 4019 1650 4080 1⁰43..

505 4118 572 4192 3)
610 4123 832 4177 Natat-e
872 4142 1071 4177 omnes
1109 4123 1376 4178 didicisse
1414 4125 1738 4191 traduntur,
1772 4130 1840 4177 ut
1872 4125 1935 4179 in
1956 4123 2326 4197 proverbium
2347 4121 2552 4191 abierit

366 4191 490 4266 μήτε
522 4198 634 4248 νεῖν
663 4196 788 4267 μήτε
820 4197 1131 4271 γράμματα.
1204 4197 1346 4252 vid.
1386 4200 1512 4251 Ast.
1550 4197 1624 4250 ad
1658 4195 1893 4250 Platon.
1926 4196 2107 4266 Legg.
2145 4215 2204 4268 p.
2241 4194 2365 4249 170.

394 4354 402 4365 ,
510 4295 578 4370 4)
618 4300 767 4354 Plat-
815 4300 996 4355 Lach.
1042 4321 1098 4373 p.
1151 4301 1277 4359 182.
1324 4303 1500 4356 Haas.
1548 4301 1620 4354 ad
1671 4300 1947 4373 Xenoph.
1995 4299 2078 4373 ³0,
2114 4319 2178 4353 re
2219 4319 2278 4372 p.
2323 4276 2458 4355 Lac.
2497 4321 2553 4374 p.

370 4370 499 4427 219.
571 4372 705 4427 Huc
759 4373 912 4427 adde
961 4380 1142 4428 artem
1179 4372 1448 4444 saltandi,
1483 4376 1646 4461 cuius
1681 4375 1868 4447 ipsum
1903 4374 2203 4427 Socratem
2236 4371 2556 4427 studiosum

1996 4441 2160 4516 22.
