3067 4975
623 407 679 480 I
674 407 782 480 II
776 458 794 474 .
873 409 993 491 De
1043 408 1269 488 rebus
1301 414 1638 508 publicis
1685 419 1769 490 ln
1819 388 2278 505 anchoraum..
2447 408 2546 514 87

355 586 670 657 titudine
719 590 1318 682 praestantiores
1371 596 1519 665 sint
1550 596 1649 690 ¹),
1701 594 1962 672 harum
2017 625 2263 677 rerum
2315 605 2536 682 alteri

268 684 276 723 ’-
351 685 426 752 iu
482 679 926 780 quibusdam
979 686 1425 780 civitatibuS‚
1478 716 1790 790 quarum
1842 722 2027 793 opes
2065 705 2531 797 potissimum

352 803 709 875 agrorum
757 781 1374 876 possessionibus
1412 789 1960 885 consistebant,
2016 823 2106 868 eo
2148 805 2529 895 provisum

354 884 541 965 erat,
596 875 797 975 quod
850 903 1115 951 venum
1167 878 1329 952 dari
1379 885 1508 955 aut
1558 886 1808 986 aliquo
1843 891 2068 964 modo
2118 892 2530 971 abalienari

348 976 797 1069 patrimonia
847 1001 996 1046 non
1030 974 1307 1050 licebat
1335 979 1440 1073 2).
1495 980 1741 1056 altera
1775 993 2022 1059 autem
2047 993 2266 1062 nimis
2297 1019 2526 1093 saepe

346 1066 909 1165 negligebatur.
1012 1074 1204 1146 Nam
1259 1075 1460 1173 quod
1506 1104 1733 1153 unum
1782 1080 1929 1171 buc
1980 1091 2300 1162 maxime
2347 1116 2523 1188 per-‘-

344 1167 558 1255 tinet,
613 1165 1047 1264 disciplinae
1095 1168 1447 1269 publicae
1501 1202 1683 1249 cura
1711 1179 1812 1271 3),
1879 1178 2062 1254 haec
2128 1187 2258 1255 aut
2317 1187 2520 1261 nulla

345 1267 535 1348 erat,
590 1267 717 1335 aut
768 1290 917 1335 nou
973 1268 1214 1366 qualis
1269 1295 1439 1343 esse
1493 1270 1941 1369 debebat4).
2045 1279 2521 1381 Quamquam

236 1440 239 1449 ι
341 1362 779 1447 παιδονόμους
860 1365 934 1432 in
1024 1365 1272 1438 multis
1345 1368 1773 1444 civitatibus
1845 1373 2081 1449 fuisse
2159 1385 2523 1475 novimuS‚

344 1460 468 1554 qui
533 1482 976 1554 puerorum,
1044 1469 1564 1552 γυναικονόμους,
1650 1473 1777 1567 qui
1841 1471 2229 1548 mutierum
2297 1482 2524 1552 vitam

335 1555 800 1650 inspicerent
863 1579 954 1626 ac
1022 1563 1386 1655 regerent
1413 1562 1520 1656 ⁵):
1595 1562 1716 1661 de
1756 1567 2521 1669 educatione,tamen

334 1674 742 1748 puerorum
794 1660 1016 1752 atque
1067 1658 1535 1731 institutione
1590 1670 2014 1738 accuratius
2080 1667 2277 1766 apud
2317 1660 2518 1746 ‘Cre-

336 1757 592 1819 tenses
658 1751 1173 1823 tautummodo
1255 1762 1330 1826 et
1405 1755 1834 1853 Spartanos
1914 1772 2209 1838 cautum
2287 1765 2518 1843 fuisse

334 1844 628 1916 videtur
657 1848 761 1942 ὅ),
841 1847 1039 1944 apud
1123 1876 1314 1950 quos
1396 1857 1625 1929 etiam
1703 1857 1933 1932 virilis
2016 1866 2288 1936 aetatis
2368 1856 2522 1938 moss-

333 1968 463 2015 res
540 1941 1157 2020 custodiebantur
1255 1947 1351 2021 ab
1434 1951 1807 2049 EphorIS,
1899 1959 2518 2056 quemadmodum

333 2039 681 2112 Athenis·
730 2040 905 2114 olim
983 2042 1078 2114 ab
1140 2048 1592 2146 Areopago,
1691 2052 1981 2128 Romae
2057 2083 2104 2129 a
2182 2064 2517 2132 censori-

337 2135 508 2208 bus.
613 2141 969 2212 Ceterum
1024 2140 1164 2214 hoc
1220 2142 1545 2217 dubitari
1594 2173 1744 2220 uon
1793 2154 2069 2248 potest,
2123 2157 2299 2253 quin
2348 2154 2515 2229 ubi-

335 2260 479 2333 que
557 2260 814 2307 eorum
892 2242 1014 2337 qui
1096 2243 1588 2336 magistratus
1664 2250 1887 2346 atque
1968 2249 2296 2324 honores
2389 2279 2514 2326 ca-

330 2335 534 2431 pturi
627 2336 884 2426 erant,
969 2337 1314 2424 δοκιμασία
1383 2339 1749 2438 quaedam
1828 2348 2172 2419 instituta
2264 2347 2514 2436 suerit,

335 2455 527 2530 quae
595 2433 817 2503 etiam
879 2458 1131 2506 mores
1182 2436 1259 2507 et
1312 2440 1508 2510 vitae
1559 2465 1805 2536 genus
1874 2448 2376 2539 examinaret,
2441 2455 2516 2521 et

336 2530 463 2627 qui
514 2526 800 2625 indigni
851 2536 1172 2631 propter
1222 2531 1509 2632 flagitia
1563 2539 1693 2608 aut
1734 2536 2004 2612 delicta
2051 2541 2511 2639 viderentur,

332 2623 796 2697 excluderet.
897 2630 1144 2728 Atque
1195 2631 1391 2728 apud
1448 2631 1862 2707 Thebanos
1896 2637 2299 2738 aliquando
2333 2668 2508 2714 san-

331 2727 556 2794 citum
609 2730 795 2811 erat,
847 2751 940 2797 ne
994 2730 1159 2825 quis
1215 2729 1546 2802 honores
1597 2738 1928 2829 caperet,
1989 2738 2133 2810 nisi
2200 2742 2324 2837 qui
2372 2765 2512 2837 per

330 2818 769 2891 decennium
792 2819 1084 2895 sorensi
1111 2829 1429 2923 quaestu
1480 2835 1556 2901 et
1606 2828 1872 2904 vilibus
1925 2830 2244 2930 opificiis
2276 2832 2509 2911 absti-

476 3024 531 3093 1)
572 3026 660 3080 Cf.
739 3066 751 3080 .
791 3031 848 3083 5.

467 3132 528 3201 2)
569 3024 812 3191 Ari-jot.
832 3138 908 3201 11,
926 3138 981 3204 4,
1001 3138 1049 3193 4.
1071 3140 1178 3193 VI.
1197 3141 1251 3206 2,
1269 3141 1322 3194 5.
1353 3167 1413 3181 -
1451 3140 1613 3193 Idem
1633 3141 1707 3207 Π,
1728 3141 1779 3209 4,
1798 3143 1836 3194 3
1873 3144 2044 3195 etiam
2082 3143 2153 3197 de
2176 3145 2502 3201 definiendo

320 3203 635 3258 liberorum
673 3227 911 3261 numero
949 3210 1220 3281 loquitur,
1260 3230 1333 3264 ne
1369 3211 1538 3264 nimis
1573 3212 1787 3264 multae
1827 3232 1892 3265 ac
1927 3217 2181 3267 minutae
2215 3217 2357 3269 fiant
2402 3238 2503 3289 pa-

323 3281 722 3330 trimoniorum
762 3290 984 3351 parte⁸;
1022 3282 1128 3335 sed
1163 3282 1390 3352 legibus
1418 3301 1606 3354 neque
1643 3283 1750 3336 bac
1789 3283 1860 3335 de
1897 3304 1960 3337 re
1998 3294 2223 3339 cautum
2263 3307 2503 3360 usquam

322 3348 506 3403 fuisse
543 3351 789 3418 videtur,
840 3372 1028 3426 neque
1078 3361 1141 3407 ut
1184 3358 1695 3427 primogenitorum
1744 3364 1962 3408 lantum
2000 3354 2290 3412 hereditas
2330 3368 2499 3426 esset,

325 3422 575 3473 exclusis
623 3424 959 3479 minoribus.
1032 3428 1118 3477 De
1169 3431 1583 3497 Spartanorum
1634 3429 1895 3480 instituto
1946 3429 2058 3481 vid,
2102 3432 2167 3483 P.
2208 3432 2317 3495 111,
2370 3433 2400 3486 1
2442 3429 2497 3505 ᾗ.

320 3494 377 3558 -7,
415 3493 468 3549 9.
543 3494 659 3546 Sed
701 3512 988 3567 exponere
1037 3497 1254 3550 liberos
1301 3498 1376 3550 ad
1422 3499 1715 3551 vitandam
1765 3502 2241 3570 patrimoniorum
2290 3503 2499 3556 distra-

321 3567 577 3688 f'fiomss'
617 3566 1103 3693 ἓὺῐῖὶιοΊῙὶοὶωω
1150 3570 1332 3623 fuisse
1371 3572 1600 3623 videtur
1636 3581 2032 3652 praeterquam
2073 3572 2310 3626 Thebis.
2382 3577 2496 3629 Ae·
2583 3573 2587 3580 ’

344 3654 462 3689 nan.
564 3674 580 3690 .
679 3674 693 3690 .
793 3675 810 3707 ‚
887 3675 903 3692 .
1889 3663 1896 3672 '

446 3740 512 3812 3)
546 3717 791 3798 Aristet.
835 3746 999 3816 vm,
1036 3747 1088 3815 1,
1127 3747 1178 3802 1.

463 3847 523 3916 4)
561 3851 647 3904 Id.
685 3851 765 3904 ib.
805 3859 864 3905 et
898 3854 979 3920 V,
1017 3854 1067 3922 7,
1102 3853 1138 3907 8
1176 3858 1234 3906 et
1267 3854 1354 3906 20.
1407 3849 1670 3923 Xenoph.
1708 3855 1923 3925 Cyrop.
1960 3855 2005 3918 1,
2041 3855 2094 3923 2,
2127 3858 2181 3909 2.
2249 3857 2339 3911 Cf.
2380 3860 2495 3912 He·

323 3920 600 3988 gowisch,
649 3922 722 3975 oh
771 3924 867 3977 bei
919 3925 1030 3977 den
1066 3925 1243 3979 Alten
1283 3923 1500 3976 offentl.
1534 3924 1868 3993 Erziehung
1894 3945 2029 3979 war.
2101 3926 2303 3983 Alton.
2340 3931 2496 3984 1811.

323 3991 378 4045 8.
439 3993 672 4063 Koenig
710 3994 781 4049 de
815 3995 1050 4068 publica
1085 3997 1444 4062 educatione,
1481 4000 1545 4049 in
1582 3996 1879 4068 Opuscull.
1912 4019 1967 4070 p.
1994 3999 2067 4055 66
2100 4019 2187 4072 sq.
2227 4007 2286 4055 et
2320 4001 2388 4057 81
2408 4021 2493 4075 sq.

464 4099 524 4167 5)
562 4104 804 4157 Aristot.
842 4104 951 4172 nr,
993 4104 1078 4172 12,
1114 4104 1169 4158 9,
1240 4105 1349 4172 vs,
1386 4106 1438 4172 5,
1477 4104 1565 4157 13.

461 4205 526 4277 6)
567 4209 927 4276 Charondam
975 4217 1167 4263 tamen
1224 4211 1466 4265 Diodor.
1516 4212 1667 4277 ΧΠ,
1730 4211 1798 4264 12
1843 4213 2105 4265 sanxisse
2152 4212 2351 4266 scribit
2381 4215 2495 4279 ,τῶν

317 4279 531 4335 πολιτῶν
558 4278 667 4340 τοὺς
698 4279 831 4339 υἱοὺς
857 4279 1094 4339 ἅπαντας
1135 4283 1438 4353 μανθάνειν
1484 4283 1778 4356 γράμματα
1816 4279 2127 4357 χορηγούσης
2168 4286 2254 4351 ταῖς
2306 4285 2495 4339 πόλεως
2537 4325 2541 4329 -
2652 4271 2656 4274 i

315 4347 424 4410 τυῦς
451 4350 670 4424 mode
698 4356 801 4411 τοῖς
832 4352 1166 4410 διδασκάλοις.
