3067 4975
727 371 802 445 7.
849 371 970 443 De
1017 390 1452 444 oeconoma
1498 368 1630 442 rei
1652 368 2036 472 publicae.
2340 371 2486 449 317

318 559 444 627 tur
470 554 555 644 ⁵).
655 552 901 625 Tertii
950 551 1260 651 generis
1295 556 1467 624 sunt
1491 551 1839 649 portoria
1865 554 2244 648 mercium,
2295 579 2486 655 quae

319 649 435 725 vel
495 654 702 722 terra
751 674 1077 748 peregre
1128 644 1486 721 advectae
1533 651 1612 720 in
1661 651 1929 723 Atticis
1979 647 2167 724 foris
2215 676 2487 725 venum

313 742 690 820 dabantur
717 750 805 842 ⁶),
878 743 996 819 vel
1072 746 1261 817 mari
1328 746 1459 817 ant
1520 744 2119 843 importabantur
2167 749 2300 822 aut
2347 774 2486 823 ex-

310 837 836 942 portabantur.
932 841 1036 915 Et
1064 840 1319 914 barum
1350 838 1644 940 quidem
1668 846 2282 944 quinquagesima
2323 849 2484 919 exi-

308 936 640 1039 gebatur
666 940 762 1034 7),
835 940 1291 1039 praeterque
1352 963 1514 1010 eam
1577 936 1906 1014 fortasse
1958 944 2179 1016 etiam
2229 948 2482 1017 cente-

316 1040 502 1111 sima
579 1034 677 1110 ob
737 1060 1038 1108 usuram
1101 1036 1372 1133 portus
1433 1036 1566 1107 aut
1632 1033 2074 1110 horreorum
2141 1033 2481 1136 publico-

313 1158 478 1207 rum
506 1133 616 1226 ⁸):
692 1131 983 1206 illarum
1034 1135 1268 1231 quota
1312 1154 1494 1228 pars
1539 1129 1937 1230 pendenda
1983 1131 2250 1228 fuerit,
2323 1160 2484 1212 non

315 1234 498 1304 satis
554 1232 859 1303 constat
883 1232 973 1322 9).
1072 1232 1385 1300 Annuus
1449 1252 1547 1302 ex
1609 1231 2228 1329 quinquagesima
2276 1231 2480 1306 redi-

313 1334 436 1400 tus
504 1325 903 1427 aliquando
970 1322 1381 1398 Andocidis
1442 1329 1691 1400 aetate
1757 1328 1854 1399 tri
1916 1329 2077 1399 inta
2126 1353 2267 1401 sex
2315 1327 2480 1405 fere

316 1423 620 1499 talentis
671 1425 1101 1497 constitisse
1150 1418 1598 1520 videtur¹⁰);
1649 1420 1785 1496 sed
1835 1449 1880 1496 a
1913 1426 2061 1496 ‘um
2095 1422 2262 1497 aliis
2288 1425 2479 1501 tem-

371 1518 633 1594 oribus
701 1520 934 1594 fuisse
982 1515 1204 1592 facile
1254 1522 1608 1616 apparet,
1682 1521 1760 1593 et
1808 1545 2039 1619 saepe
2089 1524 2475 1621 aliquanto

311 1547 512 1691 baud
566 1615 790 1692 dubie
839 1620 1078 1690 maior
1123 1615 1288 1691 fuit.
1382 1616 1552 1690 Hoc
1608 1642 1906 1718 quoque
1953 1643 2199 1716 genus
2247 1619 2478 1693 vecti-

311 1715 594 1815 galium
643 1712 1022 1814 publicani
1072 1708 1560 1807 exercebant,
1606 1717 1903 1787 minora
1950 1712 2252 1812 singuli,
2318 1741 2476 1789 ma-

309 1819 480 1889 iora
545 1813 948 1886 societates
976 1812 1091 1902 ¹¹).
1218 1810 1614 1909 Mancipes
1674 1812 1997 1901 οῗρχῶναι,
2062 1814 2478 1906 τελωνοέρχαι,

311 1913 546 1987 ceteri
663 1906 947 1983 enerali
1013 1907 1310 1981 nomine
1357 1910 1635 1976 τελῶναι
1701 1904 2074 2000 dicuntur,
2129 1917 2475 2007 recepto-

310 2021 440 2086 res
501 1935 660 2082 ve?
686 2013 1086 2081 exactores
1146 2027 1289 2102 pro
1338 2006 1699 2102 cuiusque
1746 2002 2137 2100 vectigalis
2183 1985 2476 2098 genere

309 2109 765 2193 ἓλλιμενιοταί,
856 2104 1291 2191 δεκατηλόγοι,
1376 2102 1792 2184 εἶκοοτολόγοι
1802 2150 1828 2182 ,
1905 2106 2476 2191 πεντηκοστολόγοι.

312 2198 784 2293 Quamquam
804 2195 1169 2263 minorum
1196 2213 1738 2288 saepenumero
1763 2190 2237 2287 vectigalium
2250 2189 2474 2266 iidem

242 2295 269 2369 f
310 2294 437 2420 qpi
503 2287 1019 2387 redemptores
1084 2289 1304 2361 etiam
1366 2287 1767 2360 exactores
1814 2282 2051 2360 fuisse
2103 2284 2473 2362 videntur.

304 2390 500 2468 Erat
557 2392 803 2460 autem
870 2409 1086 2458 omne
1156 2381 1301 2455 hoc
1357 2407 1605 2481 genus
1651 2381 1963 2457 Athenis
2027 2408 2178 2455 non
2226 2388 2472 2460 minus

311 2513 530 2594 quam
581 2482 762 2559 alibi
812 2479 1037 2579 vulgo
1065 2484 1380 2554 invisum
1411 2475 1510 2552 ob
1547 2482 1932 2553 avaritiam
1965 2478 2320 2555 molestas
2374 2508 2471 2559 ue

206 2613 211 2616 ’
309 2587 755 2666 vexationes
785 2582 910 2680 ¹²).
1005 2579 1153 2654 Rei
1207 2575 1557 2677 publicae
1617 2602 1714 2651 ne
1764 2574 2109 2652 damnum
2157 2576 2323 2652 frau
2382 2606 2467 2655 es

450 2899 514 2973 ὅ)
553 2898 782 2966 Triuiam·
808 2894 893 2952 τοῧ
923 2896 1171 2969 μετοικίου
1205 2888 1293 2960 (b.
1329 2910 1381 2946 e·
1417 2890 1619 2946 tributi
1651 2891 2087 2965 inquilinorum)
2123 2905 2472 2955 memoratur

308 2996 396 3050 ap.
435 2967 944 3044 Pseudoplutarch.
998 2971 1127 3021 vitt.
1173 2965 1236 3017 X
1286 2969 1452 3016 oratt.
1501 2976 1556 3028 Ρ.
1606 2964 1714 3020 842
1748 2966 1818 3022 Β.
1900 2969 1992 3020 De
2032 2967 2354 3025 elocatione
2385 2973 2474 3028 τοῦ

303 3046 544 3124 πορνικοῢ
570 3046 732 3100 τέλους
761 3041 878 3095 vid.
916 3037 1188 3094 Aeschin.
1224 3036 1287 3089 in
1326 3033 1615 3089 Timar-ch.
1652 3048 1709 3101 Ρ.
1749 3036 1874 3095 134.

445 3151 513 3221 6)
543 3150 791 3208 Ἑπῶνια.
860 3144 1118 3202 Boeekb.
1155 3147 1186 3198 1
1216 3163 1274 3216 p.
1308 3143 1433 3198 347.

444 3257 509 3328 7)
537 3258 857 3330 Ἑλλιμὲνων,
899 3249 1210 3320 πενιηκοοτῆ.
1282 3249 1496 3305 Pollux
1539 3249 1701 3318 vm,
1748 3214 1879 3306 132.
1942 3250 2086 3308 Lex.
2123 3254 2366 3325 Seguer.
2406 3270 2464 3326 Ρ.

299 3334 428 3389 251.
498 3331 591 3387 Cf.
628 3327 884 3384 Boeckh·
917 3348 972 3400 p.
1004 3327 1128 3382 337.
2081 3334 2087 3339 ·
2245 3370 2250 3377 ,

429 3436 493 3507 8)
534 3441 701 3501 Quae
736 3433 1071 3505 Xenophon
1110 3431 1181 3485 de
1216 3428 1407 3484 reditt.
1446 3429 1565 3496 αθ,
1604 3428 1676 3483 12
1696 3427 1984 3484 aedificari
2019 3431 2224 3488 suadet
2245 3433 2467 3507 δημόσια

302 3510 612 3583 καταγώγια
644 3508 727 3562 ἐπὶ
758 3508 1101 3582 προσήκοντας
1129 3502 1307 3560 τόπους
1337 3500 1446 3573 ὠνῇ
1474 3520 1524 3554 τε
1558 3499 1652 3552 καὶ
1682 3500 1871 3571 πράσει
1899 3498 2028 3576 πρὸς
2043 3508 2142 3560 τοῖς
2160 3504 2464 3579 ὑπάρχω,

301 3579 464 3649 haec,
520 3583 740 3653 opinor,
788 3597 904 3631 non
940 3577 1127 3631 solum
1162 3574 1484 3627 hominibus
1519 3571 1623 3624 sed
1660 3575 1829 3625 etiam
1865 3575 2149 3628 mercibus
2184 3595 2298 3631 reci
2339 3581 2464 3633 ien-

303 3653 390 3707 dis
425 3650 831 3707 inserviebant.
899 3651 992 3703 De
1039 3649 1364 3712 centesima,
1423 3645 1584 3697 cuius
1632 3644 1782 3697 idem
1829 3643 1901 3699 de
1947 3664 1997 3700 r.
2033 3666 2090 3719 p.
2127 3646 2264 3702 Ath.
2302 3598 2355 3713 ἵ,
2393 3653 2463 3707 17

299 3729 651 3779 mentionem
684 3722 840 3790 facit,
873 3720 991 3774 vid.
1026 3717 1284 3773 Boeckh.
1322 3737 1377 3790 p.
1411 3716 1518 3771 343
1554 3733 1679 3786 sqq.

443 3832 505 3900 9)
541 3832 881 3903 Harpocrat.
915 3845 960 3879 s.
994 3845 1051 3879 V.
1078 3824 1294 3889 ἐπιόντα,
1327 3827 1560 3893 πέμπτην
1592 3820 1746 3888 dicit,
1805 3821 1947 3877 Lex.
1986 3824 2227 3891 Seguer.
2302 3857 2319 3876 .
2353 3826 2465 3882 255

294 3906 531 3973 εἶκοοτήν.
600 3903 741 3957 Νοιι
776 3897 1110 3954 tantundem
1156 3897 1401 3951 fortasse
1439 3894 1509 3946 de
1547 3892 1814 3947 omnibus
1848 3894 2199 3964 exigebatur.
2323 3899 2462 3953 tiam

295 3977 506 4045 δεκάτης
532 3977 810 4046 Harpocr.
845 3972 1100 4024 meminit
1132 3987 1180 4023 s.
1214 3988 1272 4022 v.
1309 3963 1612 4022 δεκατευτοῖς.

382 4083 532 4212 33lg)
562 4081 855 4209 ἕέιίᾱοοὶᾱ.
892 4078 965 4132 de
997 4082 1169 4150 myst.
1202 4095 1260 4148 Ρ.
1296 4075 1368 4130 65
1402 4090 1542 4145 sqq„
1577 4075 1637 4125 et
1670 4069 1878 4144 explic.
1910 4069 1972 4127 li.
2004 4069 2047 4125 l·
2083 4090 2172 4145 ap.
2193 4072 2458 4138 Boeckh.

293 4179 349 4232 P·
496 4182 556 4194 “““
670 4192 687 4210 ο

435 4259 535 4333 11)
573 4258 829 4315 Boeckb.
864 4279 920 4332 p·
954 4257 1079 4326 360,
1116 4257 1216 4328 qui
1252 4261 1311 4309 et
1348 4254 1416 4308 de
1452 4251 1825 4324 sequent-ibus
1862 4249 2244 4307 conferendus
2279 4258 2386 4309 est.

438 4367 540 4440 12)
579 4369 670 4426 ef.
706 4366 922 4425 Pollux
954 4367 1061 4435 IX,
1095 4363 1186 4420 29.
1222 4363 1314 4418 32.
1382 4357 1680 4433 Aristoph.
1710 4359 1929 4430 Equitt.
1964 4379 2022 4417 v.
2062 4358 2189 4415 248.
