3067 4975
785 396 857 471 7.
903 359 1023 470 De
1071 396 1503 471 oeconomia
1550 399 1682 475 rev·
1702 396 2086 499 publicae.
2266 387 2278 396 ’
2384 399 2536 477 329

377 604 518 654 nas
581 577 661 654 et
725 602 954 652 unum
1012 571 1374 673 talentum
1397 575 1522 676 ¹⁴).
1619 578 1921 654 Exacto
1971 607 2279 659 munere
2326 585 2527 659 ratio

373 674 809 750 trierarchis
871 702 914 749 a
971 671 1065 748 ud
1129 673 1453 773 legistas
1523 675 1913 753 reddenda
1977 682 2284 776 eratw).
2378 683 2527 756 Im-

369 777 692 847 munitas
755 770 874 848 vel
992 775 1154 846 uius
1213 771 1328 846 vel
1389 779 1809 850 ceterorum
1880 802 2264 851 munerum
2314 775 2525 860 locu-

370 868 699 969 pletibus
758 869 1070 943 honoris
1133 894 1403 963 causa,
1466 869 1601 943 sed
1650 896 1870 965 raro,
1922 872 2097 947 data
2125 875 2249 960 ἰῆς
2299 900 2521 949 nemo

366 974 619 1042 tamen
668 992 910 1068 neque
962 965 1146 1040 duas
1191 992 1345 1039 uno
1393 992 1592 1039 anno
1648 966 1995 1066 liturgias
2050 996 2293 1071 neque
2343 997 2520 1046 ean-

363 1065 530 1140 dem
626 1068 981 1138 continuo
1071 1060 1377 1138 biennio
1462 1072 1854 1162 praestare
1935 1066 2356 1166 cogebatur
2387 1068 2521 1165 ¹⁷):

359 1161 756 1237 trierarchi
806 1160 902 1234 ali
957 1159 1203 1234 nando
1256 1165 1477 1236 etiam
1528 1159 1807 1235 biennii
1857 1166 2329 1246 vacationem
2380 1163 2517 1240 ba-

359 1255 649 1334 bebant
683 1259 805 1355 ¹⁸).
907 1187 1124 1349 arbi,
1174 1256 1414 1331 donec
1460 1254 1602 1331 sub
1653 1256 1887 1333 tutela
1936 1264 2179 1353 erant,
2231 1270 2307 1335 et
2389 1288 2514 1336 ro-

356 1360 563 1431 ximo
613 1363 790 1454 post
837 1353 1143 1429 tutelam
1189 1380 1387 1428 anno
1410 1356 1771 1430 immunes
1803 1359 2060 1431 erant:
2109 1361 2286 1431 item
2372 1359 2514 1435 liae

351 1453 663 1552 ‘epicleri
712 1453 950 1528 donec
997 1456 1425 1551 nupsissent
1461 1451 1555 1547 9).
1632 1452 1789 1540 Qui
1837 1462 2081 1528 autem
2129 1454 2515 1550 liturgiam

350 1553 626 1626 iniuste
700 1546 848 1625 sibi
920 1551 1203 1648 imponi
1267 1547 1535 1649 aliique
1590 1553 1844 1652 potius
1906 1576 1990 1625 se
2054 1550 2513 1650 opulentiori

349 1647 871 1745 imponendam
920 1672 1089 1723 esse
1138 1644 1661 1740 contenderet,
1725 1650 1795 1725 is
1842 1648 2039 1723 hunc
2089 1674 2509 1750 provocare

296 1775 309 1790 ·
344 1746 674 1846 poterat,
720 1745 807 1817 ut
854 1745 987 1818 aut
1033 1745 1448 1841 susciperet
1493 1746 1658 1842 ipse
1691 1742 1894 1824 illam
1923 1743 2329 1843 liturgiam,
2379 1749 2511 1824 aut

346 1868 597 1919 secum
665 1839 1060 1916 facultates
1120 1842 1715 1940 permutaret20).
1811 1843 2161 1941 Excepta
2222 1841 2316 1917 ab
2366 1839 2506 1916 hu-

341 1938 663 2016 iusmodi
708 1939 1256 2036 permutatione
1306 1939 1522 2010 erant
1573 1939 2081 2012 tantummodo
2118 1963 2306 2038 quae
2338 1944 2506 2043 quis

343 2041 420 2111 in
488 2032 1056 2134 argentifodinis
1115 2036 1243 2107 aut
1293 2033 1608 2108 coloniis
1658 2037 2109 2127 (κληρουχίαις)
2157 2034 2502 2133 posside,-

340 2133 496 2227 bat,
548 2135 677 2207 aut
718 2157 1033 2234 quorum
1082 2136 1490 2204 communis
1538 2135 1684 2229 ipsi
1733 2157 1896 2204 cum
1925 2130 2088 2205 aliis
2116 2136 2499 2231 possessio

344 2233 534 2323 erat,
584 2233 858 2331 quippe
908 2227 1002 2305 de
1053 2227 1320 2329 quibus
1366 2227 1714 2326 liturgiae
1741 2227 1991 2303 nullae
2017 2232 2501 2326 praestaren-

340 2330 465 2404 tur
481 2330 609 2426 21).
681 2322 1281 2414 moderabantur
1325 2327 1901 2430 permutationis
1945 2329 2335 2428 negotium
2379 2330 2498 2404 in-

478 2570 576 2643 14)
612 2571 756 2635 Ὓὶᾶ.
789 2571 1045 2630 Boeekh.
1080 2592 1139 2646 p.
1179 2573 1302 2628 12⁰.

478 2679 572 2744 15)
627 2679 894 2736 Aeschin.
941 2684 1004 2736 in
1050 2668 1205 2736 Ctes.
1250 2694 1309 2747 Ρ.
1342 2681 1469 2736 407.
1541 2676 1841 2735 Demosth.
1883 2678 1949 2732 in
1978 2675 2207 2749 Polycl.
2240 2696 2300 2752 Ρ.
2333 2676 2493 2746 1222,

341 2750 443 2808 11:
498 2751 758 2805 Boeckb.
791 2772 845 2825 p.
879 2753 968 2809 85.
1005 2753 1095 2816 86,
1129 2753 1231 2815 ubi
1267 2755 1437 2808 etiam
1475 2752 1548 2815 de
1582 2754 1793 2824 ταμίαις
1815 2749 1921 2810 τῶν,
1943 2751 2278 2828 τριηράρχων.

474 2857 575 2930 16)
612 2862 896 2914 Versatur
936 2862 1000 2914 in
1047 2859 1161 2915 hoc
1208 2861 1280 2915 de
1313 2863 1672 2919 immunitate
1716 2864 2051 2929 argumento
2087 2854 2493 2933 Demosthenis

329 2934 517 2986 oratio
565 2933 696 2985 adv.
739 2933 994 3005 Leptinis
1044 2933 1261 3003 legem,
1330 2952 1442 3005 qua
1503 2950 1702 2989 omnes
1749 2932 2133 2997 immunitates
2181 2929 2492 2997 abrogatae

330 3012 508 3058 erant.
579 3003 720 3056 vid.
756 3007 915 3083 impr.
952 3025 1006 3077 p.
1044 3007 1170 3060 457.
1204 3005 1332 3060 466.
1368 3005 1495 3063 495.
1570 3003 1663 3058 cf.
1699 3000 1897 3057 Wolf.
1930 3001 2187 3073 prolegg.
2223 3012 2280 3064 Ρ.
2316 2998 2493 3053 va·

326 3095 450 3148 sqq.
520 3076 753 3203 Ngvem
799 3069 1170 3145 archontibus
1220 3075 1591 3131 trierarchiae
1634 3076 2048 3130 immunitatem
2092 3072 2274 3127 fuisse
2315 3070 2492 3133 docet

327 3167 412 3202 or·
448 3167 504 3220 Pe
543 3151 577 3203 4
615 3150 667 3202 5·
1386 3165 1399 3179 ⁸
1552 3188 1558 3194 ,

469 3252 563 3323 17)
604 3253 898 3309 Demosth.
933 3256 996 3308 in
1028 3254 1254 3328 Polyel.
1300 3266 1355 3320 Ρ.
1391 3253 1555 3325 1200,
1588 3254 1644 3309 2.
1677 3255 1743 3307 in
1773 3251 2090 3325 Phaenipp.
2125 3261 2183 3318 Ρ.
2221 3248 2380 3320 1046,
2413 3250 2489 3309 20

221 3336 225 3340 ’
319 3327 487 3399 .-24.
559 3328 784 3399 Leptin.
821 3347 878 3400 p.
916 3328 1041 3395 462,
1078 3330 1166 3386 23.
1204 3326 1328 3396 459,
1365 3328 1454 3382 12.

471 3429 570 3502 18)
607 3436 759 3489 leae.
798 3433 870 3486 de
902 3432 1174 3506 Apollod.
1208 3432 1332 3489 liet.
1370 3432 1428 3505 §.
1461 3433 1552 3490 38.
1613 3429 1869 3487 Boeokh.
1900 3452 1959 3507 p.
1994 3430 2083 3488 82

468 3535 567 3608 19)
607 3538 898 3593 Demosth.
935 3540 1006 3594 de
1046 3559 1317 3612 symmor.
1354 3559 1412 3613 p.
1451 3542 1577 3611 182,
1613 3541 1699 3600 16.
1771 3542 1851 3595 Et
1886 3540 1957 3595 de
1992 3537 2264 3594 orborum
2281 3538 2485 3591 immu-

320 3612 804 3756 πὲίἑαῗοιὲἱίἷίοωὲ
830 3620 960 3738 {get
992 3620 1277 3686 receptam
1312 3612 1551 3669 tutelam
1584 3626 1738 3669 anno
1771 3613 1908 3691 105⁸.
1944 3614 2009 3693 in
2040 3612 2259 3697 Diogit.
2293 3607 2486 3694 Ρ.908.

459 3787 562 3859 20)
609 3792 770 3845 Haeo
819 3798 906 3846 est
951 3774 1209 3858 ἆῇιίδοσις,
1268 3791 1340 3846 de
1415 3811 1491 3846 ua
1522 3790 1644 3847 vid.
1679 3787 1876 3845 Wolf.
1910 3788 2168 3862 prolegg.
2203 3787 2277 3841 ad
2309 3789 2478 3843 Dem-

321 3856 545 3930 Leptin.
588 3882 642 3935 p.
693 3862 939 3920 CXXIII
985 3875 1042 3919 et
1084 3863 1341 3920 Boeckh.
1422 3866 1450 3917 1
1485 3885 1539 3938 p.
1582 3861 1904 3930 122—126,
1941 3864 2038 3933 qui
2076 3878 2299 3915 omnem
2336 3860 2478 3928 που).

319 3932 594 4001 imprimis
633 3954 666 3988 e
699 3936 1001 3991 Demosth.
1037 3956 1120 3994 or.
1156 3940 1217 3992 in
1253 3936 1667 4010 Plnaenippum,
1701 3932 2156 4011 luculentissime
2192 3931 2479 4007 exposuit-y⁸

315 4002 469 4058 Add.
502 4005 742 4061 Hefftcr.
778 4020 834 4074 Ρ.
869 4010 978 4064 378
1011 4028 1138 4082 sqq.
1173 4008 1428 4064 Platner.
1462 4012 1522 4070 ΙΙ,
1555 4026 1612 4079 P·
1650 4006 1756 4071 106.
1789 4024 1914 4080 8‘1‘1·

457 4108 557 4181 21)
605 4116 696 4168 De
742 4115 990 4169 metallis
1035 4117 1154 4171 vid.
1191 4113 1488 4170 Demosth.
1523 4117 1586 4168 in
1619 4112 1938 4187 Phaenipp.
1974 4108 2032 4181 Ρ.
2070 4111 2230 4168 1044.
2293 4109 2481 4170 Erant

313 4178 457 4236 baec
493 4193 798 4258 propterea
829 4188 1078 4259 liturgiis
1111 4191 1400 4255 immunia3
1440 4188 1575 4260 quia
1606 4187 1855 4256 vectigal
1891 4203 2143 4239 annuum
2178 4202 2214 4237 a
2247 4201 2475 4255 posses-

312 4255 542 4310 soribus
577 4255 951 4329 pendebatur.
1022 4261 1163 4318 Vid.
1208 4278 1363 4330 supr.
1414 4258 1469 4328 §·
1504 4258 1595 4320 74,
1642 4254 1694 4313 9.
1728 4264 1734 4269 ’
1767 4261 1858 4312 De
1903 4259 2331 4331 xlqoovxtxo‘if'et
2362 4273 2474 4327 uoq-3

310 4334 546 4387 νωνικοῖς
571 4330 645 4383 cf.
682 4332 982 4387 Demosth.
1020 4334 1093 4388 de
1128 4332 1398 4404 symmor.
1435 4343 1494 4395 Ρ.
1534 4332 1658 4396 182,
1694 4330 1786 4384 16.
1855 4327 2110 4384 Boeckh.
2146 4341 2204 4396 Ρ.
2231 4327 2324 4385 84.
2377 4328 2471 4403 De

315 4402 657 4459 condicione
694 4404 1107 4461 cleruehiarum
1143 4404 1260 4461 vid.
1294 4403 1428 4458 infr.
1459 4403 1530 4458 P.
1566 4403 1662 4458 VI
1697 4420 1749 4459 ο.
1784 4402 1822 4459 6
1856 4398 1908 4474 §0
1944 4403 2035 4462 28·
2074 4401 2098 4412 ”
2161 4417 2166 4423 ”
2225 4405 2236 4416 ’
2292 4400 2300 4408 ’
2396 4401 2403 4409 ’
