<?xml version="1.0" encoding="UTF-8"?>
<!DOCTYPE html PUBLIC "-//W3C//DTD XHTML 1.0 Transitional//EN"
    "http://www.w3.org/TR/xhtml1/DTD/xhtml1-transitional.dtd">
<html xmlns="http://www.w3.org/1999/xhtml" xml:lang="en" lang="en">
 <head>
  <title>
</title>
<meta http-equiv="Content-Type" content="text/html;charset=utf-8" />
  <meta name='ocr-system' content='tesseract 3.04.00' />
  <meta name='ocr-capabilities' content='ocr_page ocr_carea ocr_par ocr_line ocrx_word'/>
</head>
<body>
  <div class='ocr_page' id='page_1' title='image "antiquitatesiur00schgoog_0115.png"; bbox 0 0 3067 4975; ppageno 0'>
   <div class='ocr_carea' id='block_1_1' title="bbox 659 390 2525 494">
    <p class='ocr_par' dir='ltr' id='par_1_1' title="bbox 659 390 2525 494">
     <span class='ocr_line' id='line_1_1' title="bbox 659 390 2525 494; baseline -0.001 -21"><span class='ocrx_word' id='word_1_1' title='bbox 659 397 718 473; x_wconf 93' lang='lat' dir='ltr'><strong><em>I</em></strong></span> <span class='ocrx_word' id='word_1_2' title='bbox 727 395 804 470; x_wconf 78' lang='lat' dir='ltr'><strong>V·</strong></span> <span class='ocrx_word' id='word_1_3' title='bbox 862 403 925 470; x_wconf 92' lang='lat'><strong>1.</strong></span> <span class='ocrx_word' id='word_1_4' title='bbox 974 393 1094 469; x_wconf 79' lang='lat' dir='ltr'><strong>De</strong></span> <span class='ocrx_word' id='word_1_5' title='bbox 1143 393 1720 493; x_wconf 76' lang='lat' dir='ltr'><em>Spartanorum</em></span> <span class='ocrx_word' id='word_1_6' title='bbox 1767 415 1857 466; x_wconf 78' lang='lat' dir='ltr'><strong>re</strong></span> <span class='ocrx_word' id='word_1_7' title='bbox 1892 390 2234 494; x_wconf 70' lang='lat' dir='ltr'><strong>publica.</strong></span> <span class='ocrx_word' id='word_1_8' title='bbox 2383 397 2525 475; x_wconf 84' lang='lat'><strong>105</strong></span> 
     </span>
    </p>
   </div>
   <div class='ocr_carea' id='block_1_2' title="bbox 309 569 2531 1351">
    <p class='ocr_par' dir='ltr' id='par_1_2' title="bbox 309 569 2531 1351">
     <span class='ocr_line' id='line_1_2' title="bbox 350 569 2527 674; baseline 0.001 -23"><span class='ocrx_word' id='word_1_9' title='bbox 350 580 499 651; x_wconf 88' lang='lat' dir='ltr'><strong>iam</strong></span> <span class='ocrx_word' id='word_1_10' title='bbox 552 600 890 650; x_wconf 84' lang='lat' dir='ltr'><strong>eversam</strong></span> <span class='ocrx_word' id='word_1_11' title='bbox 944 600 1143 648; x_wconf 87' lang='lat' dir='ltr'><strong>auno</strong></span> <span class='ocrx_word' id='word_1_12' title='bbox 1171 574 1238 667; x_wconf 76' lang='lat'><strong>⁴)</strong></span> <span class='ocrx_word' id='word_1_13' title='bbox 1303 569 1620 648; x_wconf 86' lang='lat' dir='ltr'><strong>ducibus</strong></span> <span class='ocrx_word' id='word_1_14' title='bbox 1668 571 2096 650; x_wconf 81' lang='lat' dir='ltr'><strong>Heraclidis</strong></span> <span class='ocrx_word' id='word_1_15' title='bbox 2159 576 2527 674; x_wconf 64' lang='lat' dir='ltr'><strong>Temeno,</strong></span> 
     </span>
     <span class='ocr_line' id='line_1_3' title="bbox 352 667 2525 795; baseline 0.001 -48"><span class='ocrx_word' id='word_1_16' title='bbox 352 676 548 749; x_wconf 83' lang='lat' dir='ltr'>Cres</span> <span class='ocrx_word' id='word_1_17' title='bbox 606 671 833 746; x_wconf 88' lang='lat' dir='ltr'><strong>honte</strong></span> <span class='ocrx_word' id='word_1_18' title='bbox 887 674 967 748; x_wconf 85' lang='lat' dir='ltr'><strong>et</strong></span> <span class='ocrx_word' id='word_1_19' title='bbox 995 668 1499 764; x_wconf 77' lang='lat' dir='ltr'><strong>Aristodemo,</strong></span> <span class='ocrx_word' id='word_1_20' title='bbox 1550 667 1921 745; x_wconf 88' lang='lat' dir='ltr'><strong>adiunctis</strong></span> <span class='ocrx_word' id='word_1_21' title='bbox 1974 670 2239 747; x_wconf 87' lang='lat' dir='ltr'><strong>uesuh</strong></span> <span class='ocrx_word' id='word_1_22' title='bbox 2267 676 2525 795; x_wconf 63' lang='lat' dir='ltr'><strong>Oxylo</strong></span> 
     </span>
     <span class='ocr_line' id='line_1_4' title="bbox 312 768 2526 870; baseline 0.001 -26"><span class='ocrx_word' id='word_1_23' title='bbox 312 771 543 852; x_wconf 66' lang='lat' dir='ltr'><strong>xAeto</strong></span> <span class='ocrx_word' id='word_1_24' title='bbox 580 774 643 842; x_wconf 86' lang='lat' dir='ltr'><strong>is</strong></span> <span class='ocrx_word' id='word_1_25' title='bbox 692 794 738 841; x_wconf 86' lang='lat' dir='ltr'><strong>a</strong></span> <span class='ocrx_word' id='word_1_26' title='bbox 785 768 1212 868; x_wconf 79' lang='lat' dir='ltr'><strong>Naupacto,</strong></span> <span class='ocrx_word' id='word_1_27' title='bbox 1261 769 1683 840; x_wconf 82' lang='lat' dir='ltr'><strong>Locrorum</strong></span> <span class='ocrx_word' id='word_1_28' title='bbox 1735 772 1914 870; x_wconf 91' lang='lat' dir='ltr'><strong>oppi</strong></span> <span class='ocrx_word' id='word_1_29' title='bbox 1970 794 2043 861; x_wconf 93' lang='lat' dir='ltr'><strong>o,</strong></span> <span class='ocrx_word' id='word_1_30' title='bbox 2091 776 2526 847; x_wconf 75' lang='lat' dir='ltr'><strong>transmlse-</strong></span> 
     </span>
     <span class='ocr_line' id='line_1_5' title="bbox 349 862 2526 1006; baseline 0.001 -67"><span class='ocrx_word' id='word_1_31' title='bbox 349 868 553 960; x_wconf 86' lang='lat' dir='ltr'><strong>runt,</strong></span> <span class='ocrx_word' id='word_1_32' title='bbox 603 867 974 967; x_wconf 83' lang='lat' dir='ltr'><strong>victisque</strong></span> <span class='ocrx_word' id='word_1_33' title='bbox 1024 862 1346 937; x_wconf 77' lang='lat' dir='ltr'><strong>Achaeis</strong></span> <span class='ocrx_word' id='word_1_34' title='bbox 1407 862 1812 1006; x_wconf 71' lang='lat' dir='ltr'><strong>plerasque</strong></span> <span class='ocrx_word' id='word_1_35' title='bbox 1861 865 2300 966; x_wconf 88' lang='lat' dir='ltr'><strong>peninsulae</strong></span> <span class='ocrx_word' id='word_1_36' title='bbox 2348 894 2526 970; x_wconf 86' lang='lat' dir='ltr'><strong>par-</strong></span> 
     </span>
     <span class='ocr_line' id='line_1_6' title="bbox 349 960 2531 1061; baseline 0.002 -26"><span class='ocrx_word' id='word_1_37' title='bbox 349 969 467 1036; x_wconf 84' lang='lat' dir='ltr'><strong>tes</strong></span> <span class='ocrx_word' id='word_1_38' title='bbox 531 987 908 1061; x_wconf 87' lang='lat' dir='ltr'><strong>occupare</strong></span> <span class='ocrx_word' id='word_1_39' title='bbox 976 966 1390 1060; x_wconf 87' lang='lat' dir='ltr'><strong>coeperunt</strong></span> <span class='ocrx_word' id='word_1_40' title='bbox 1449 962 1509 1055; x_wconf 90' lang='lat'><strong>).</strong></span> <span class='ocrx_word' id='word_1_41' title='bbox 1610 960 2077 1035; x_wconf 83' lang='lat' dir='ltr'><strong>&#39;lraiiciendi</strong></span> <span class='ocrx_word' id='word_1_42' title='bbox 2143 988 2418 1039; x_wconf 89' lang='lat' dir='ltr'><strong>causae</strong></span> <span class='ocrx_word' id='word_1_43' title='bbox 2481 992 2531 1040; x_wconf 84' lang='lat' dir='ltr'><strong>a</strong></span> 
     </span>
     <span class='ocr_line' id='line_1_7' title="bbox 353 1055 2529 1156; baseline 0.001 -23"><span class='ocrx_word' id='word_1_44' title='bbox 353 1058 898 1135; x_wconf 83' lang='lat' dir='ltr'><strong>Thessalorum</strong></span> <span class='ocrx_word' id='word_1_45' title='bbox 965 1082 1061 1130; x_wconf 85' lang='lat' dir='ltr'><strong>cx</strong></span> <span class='ocrx_word' id='word_1_46' title='bbox 1126 1057 1363 1156; x_wconf 86' lang='lat' dir='ltr'><strong>Epiro</strong></span> <span class='ocrx_word' id='word_1_47' title='bbox 1427 1060 1505 1130; x_wconf 86' lang='lat' dir='ltr'><strong>in</strong></span> <span class='ocrx_word' id='word_1_48' title='bbox 1575 1055 2049 1131; x_wconf 80' lang='lat' dir='ltr'><strong>Thessaliam</strong></span> <span class='ocrx_word' id='word_1_49' title='bbox 2110 1061 2266 1133; x_wconf 89' lang='lat' dir='ltr'><strong>irru</strong></span> <span class='ocrx_word' id='word_1_50' title='bbox 2320 1063 2529 1137; x_wconf 89' lang='lat' dir='ltr'><strong>tione</strong></span> 
     </span>
     <span class='ocr_line' id='line_1_8' title="bbox 350 1151 2526 1256; baseline 0 -27"><span class='ocrx_word' id='word_1_51' title='bbox 350 1153 807 1256; x_wconf 74' lang='lat' dir='ltr'><strong>repetendae</strong></span> <span class='ocrx_word' id='word_1_52' title='bbox 858 1152 1234 1246; x_wconf 83' lang='lat' dir='ltr'><strong>videntur,</strong></span> <span class='ocrx_word' id='word_1_53' title='bbox 1287 1177 1481 1254; x_wconf 88' lang='lat' dir='ltr'><strong>quae</strong></span> <span class='ocrx_word' id='word_1_54' title='bbox 1533 1151 1733 1228; x_wconf 87' lang='lat' dir='ltr'><strong>haud</strong></span> <span class='ocrx_word' id='word_1_55' title='bbox 1786 1151 2008 1228; x_wconf 87' lang='lat' dir='ltr'><strong>dubie</strong></span> <span class='ocrx_word' id='word_1_56' title='bbox 2068 1181 2223 1229; x_wconf 90' lang='lat' dir='ltr'><strong>nou</strong></span> <span class='ocrx_word' id='word_1_57' title='bbox 2344 1182 2526 1232; x_wconf 90' lang='lat' dir='ltr'><strong>oeo-</strong></span> 
     </span>
     <span class='ocr_line' id='line_1_9' title="bbox 309 1248 2528 1351; baseline 0 -24"><span class='ocrx_word' id='word_1_58' title='bbox 309 1258 475 1328; x_wconf 85' lang='lat' dir='ltr'><strong>-tos</strong></span> <span class='ocrx_word' id='word_1_59' title='bbox 524 1251 766 1325; x_wconf 91' lang='lat' dir='ltr'><strong>solum</strong></span> <span class='ocrx_word' id='word_1_60' title='bbox 794 1248 1205 1324; x_wconf 80' lang='lat' dir='ltr'><strong>Thessalia</strong></span> <span class='ocrx_word' id='word_1_61' title='bbox 1257 1248 1529 1324; x_wconf 86' lang='lat' dir='ltr'><strong>cedere</strong></span> <span class='ocrx_word' id='word_1_62' title='bbox 1581 1253 1857 1351; x_wconf 79' lang='lat' dir='ltr'><strong>coegit,</strong></span> <span class='ocrx_word' id='word_1_63' title='bbox 1909 1248 2046 1325; x_wconf 89' lang='lat' dir='ltr'><strong>sed</strong></span> <span class='ocrx_word' id='word_1_64' title='bbox 2096 1250 2286 1326; x_wconf 86' lang='lat' dir='ltr'><strong>alias</strong></span> <span class='ocrx_word' id='word_1_65' title='bbox 2335 1274 2528 1350; x_wconf 89' lang='lat' dir='ltr'><strong>quo-</strong></span> 
     </span>
    </p>
   </div>
   <div class='ocr_carea' id='block_1_3' title="bbox 351 1343 2664 1449">
    <p class='ocr_par' dir='ltr' id='par_1_3' title="bbox 351 1343 2664 1449">
     <span class='ocr_line' id='line_1_10' title="bbox 351 1343 2664 1449; baseline 0.003 -28"><span class='ocrx_word' id='word_1_66' title='bbox 351 1374 501 1446; x_wconf 83' lang='lat' dir='ltr'><strong>que</strong></span> <span class='ocrx_word' id='word_1_67' title='bbox 564 1355 845 1447; x_wconf 71' lang='lat' dir='ltr'><strong>gentes</strong></span> <span class='ocrx_word' id='word_1_68' title='bbox 927 1345 1353 1446; x_wconf 84' lang='lat' dir='ltr'><strong>complures</strong></span> <span class='ocrx_word' id='word_1_69' title='bbox 1419 1343 1725 1424; x_wconf 85' lang='lat' dir='ltr'><strong>sedibus</strong></span> <span class='ocrx_word' id='word_1_70' title='bbox 1803 1350 2076 1449; x_wconf 87' lang='lat' dir='ltr'><strong>priscis</strong></span> <span class='ocrx_word' id='word_1_71' title='bbox 2144 1353 2525 1426; x_wconf 83' lang='lat' dir='ltr'><strong>excitavit.</strong></span> <span class='ocrx_word' id='word_1_72' title='bbox 2659 1358 2664 1367; x_wconf 78' lang='grc'><em>’</em></span> 
     </span>
    </p>
   </div>
   <div class='ocr_carea' id='block_1_4' title="bbox 343 1442 2641 2902">
    <p class='ocr_par' dir='ltr' id='par_1_4' title="bbox 343 1442 2527 1933">
     <span class='ocr_line' id='line_1_11' title="bbox 346 1442 2524 1546; baseline 0 -25"><span class='ocrx_word' id='word_1_73' title='bbox 346 1444 868 1545; x_wconf 84' lang='lat' dir='ltr'><strong>Peloponnesi</strong></span> <span class='ocrx_word' id='word_1_74' title='bbox 937 1446 1119 1517; x_wconf 87' lang='lat' dir='ltr'><strong>tunc</strong></span> <span class='ocrx_word' id='word_1_75' title='bbox 1180 1448 1544 1543; x_wconf 89' lang='lat' dir='ltr'><strong>temporis</strong></span> <span class='ocrx_word' id='word_1_76' title='bbox 1590 1451 1851 1543; x_wconf 86' lang='lat' dir='ltr'><strong>partes</strong></span> <span class='ocrx_word' id='word_1_77' title='bbox 1918 1442 2149 1539; x_wconf 87' lang='lat' dir='ltr'><strong>duae,</strong></span> <span class='ocrx_word' id='word_1_78' title='bbox 2213 1447 2524 1546; x_wconf 78' lang='lat' dir='ltr'><strong>Argolis</strong></span> 
     </span>
     <span class='ocr_line' id='line_1_12' title="bbox 350 1538 2522 1640; baseline 0.001 -23"><span class='ocrx_word' id='word_1_79' title='bbox 350 1543 429 1617; x_wconf 83' lang='lat' dir='ltr'><strong>et</strong></span> <span class='ocrx_word' id='word_1_80' title='bbox 476 1543 860 1617; x_wconf 80' lang='lat' dir='ltr'><strong>Laconica</strong></span> <span class='ocrx_word' id='word_1_81' title='bbox 906 1566 1073 1614; x_wconf 92' lang='lat' dir='ltr'><strong>cum</strong></span> <span class='ocrx_word' id='word_1_82' title='bbox 1122 1542 1383 1615; x_wconf 86' lang='lat' dir='ltr'><strong>vicinis</strong></span> <span class='ocrx_word' id='word_1_83' title='bbox 1415 1543 1847 1617; x_wconf 87' lang='lat' dir='ltr'><strong>Messeniae</strong></span> <span class='ocrx_word' id='word_1_84' title='bbox 1892 1538 2331 1640; x_wconf 79' lang='lat' dir='ltr'><strong>regionibus</strong></span> <span class='ocrx_word' id='word_1_85' title='bbox 2381 1542 2522 1619; x_wconf 85' lang='lat' dir='ltr'><strong>suh</strong></span> 
     </span>
     <span class='ocr_line' id='line_1_13' title="bbox 343 1636 2522 1736; baseline 0 -22"><span class='ocrx_word' id='word_1_86' title='bbox 343 1636 816 1714; x_wconf 84' lang='lat' dir='ltr'><strong>Achaeorum</strong></span> <span class='ocrx_word' id='word_1_87' title='bbox 863 1639 1182 1736; x_wconf 86' lang='lat' dir='ltr'><strong>imperio</strong></span> <span class='ocrx_word' id='word_1_88' title='bbox 1238 1639 1499 1733; x_wconf 84' lang='lat' dir='ltr'><strong>eraut,</strong></span> <span class='ocrx_word' id='word_1_89' title='bbox 1563 1664 1792 1735; x_wconf 78' lang='lat' dir='ltr'><strong>rege,</strong></span> <span class='ocrx_word' id='word_1_90' title='bbox 1857 1640 1944 1711; x_wconf 91' lang='lat' dir='ltr'><strong>ut</strong></span> <span class='ocrx_word' id='word_1_91' title='bbox 1991 1641 2241 1733; x_wconf 85' lang='lat' dir='ltr'><strong>aiunt,</strong></span> <span class='ocrx_word' id='word_1_92' title='bbox 2293 1641 2522 1715; x_wconf 88' lang='lat' dir='ltr'><strong>Tisa-</strong></span> 
     </span>
     <span class='ocr_line' id='line_1_14' title="bbox 348 1732 2527 1827; baseline 0 -16"><span class='ocrx_word' id='word_1_93' title='bbox 348 1761 601 1826; x_wconf 90' lang='lat' dir='ltr'><strong>meno,</strong></span> <span class='ocrx_word' id='word_1_94' title='bbox 651 1732 809 1807; x_wconf 85' lang='lat' dir='ltr'><strong>filio</strong></span> <span class='ocrx_word' id='word_1_95' title='bbox 863 1735 1169 1808; x_wconf 78' lang='lat' dir='ltr'><strong>Orestis</strong></span> <span class='ocrx_word' id='word_1_96' title='bbox 1196 1737 1304 1827; x_wconf 80' lang='lat'><strong>⁶):</strong></span> <span class='ocrx_word' id='word_1_97' title='bbox 1357 1734 1775 1808; x_wconf 76' lang='lat' dir='ltr'><strong>Corinthus</strong></span> <span class='ocrx_word' id='word_1_98' title='bbox 1823 1733 2310 1810; x_wconf 87' lang='lat' dir='ltr'><strong>Aeolensium</strong></span> <span class='ocrx_word' id='word_1_99' title='bbox 2360 1745 2527 1813; x_wconf 85' lang='lat' dir='ltr'><strong>erat</strong></span> 
     </span>
     <span class='ocr_line' id='line_1_15' title="bbox 350 1828 2525 1933; baseline 0 -25"><span class='ocrx_word' id='word_1_100' title='bbox 350 1829 493 1908; x_wconf 90' lang='lat' dir='ltr'><strong>suh</strong></span> <span class='ocrx_word' id='word_1_101' title='bbox 547 1832 678 1907; x_wconf 90' lang='lat' dir='ltr'><strong>Sis</strong></span> <span class='ocrx_word' id='word_1_102' title='bbox 787 1829 978 1904; x_wconf 89' lang='lat' dir='ltr'><strong>hidis</strong></span> <span class='ocrx_word' id='word_1_103' title='bbox 1004 1831 1116 1924; x_wconf 84' lang='lat'><strong>⁷),</strong></span> <span class='ocrx_word' id='word_1_104' title='bbox 1165 1828 1530 1930; x_wconf 74' lang='lat' dir='ltr'><strong>Aegialeo</strong></span> <span class='ocrx_word' id='word_1_105' title='bbox 1580 1833 1844 1905; x_wconf 90' lang='lat' dir='ltr'><strong>Ionum</strong></span> <span class='ocrx_word' id='word_1_106' title='bbox 1872 1833 1978 1924; x_wconf 83' lang='lat'><strong>⁸),</strong></span> <span class='ocrx_word' id='word_1_107' title='bbox 2038 1831 2205 1905; x_wconf 87' lang='lat' dir='ltr'><strong>Elis</strong></span> <span class='ocrx_word' id='word_1_108' title='bbox 2266 1833 2525 1933; x_wconf 87' lang='lat' dir='ltr'><strong>Epeo-</strong></span> 
     </span>
    </p>

    <p class='ocr_par' dir='ltr' id='par_1_5' title="bbox 345 1857 2641 2902">
     <span class='ocr_line' id='line_1_16' title="bbox 346 1857 2641 2072; baseline 0 -67"><span class='ocrx_word' id='word_1_109' title='bbox 346 1955 513 2006; x_wconf 90' lang='lat' dir='ltr'><strong>rum</strong></span> <span class='ocrx_word' id='word_1_110' title='bbox 540 1932 650 2022; x_wconf 82' lang='lat'><strong>9):</strong></span> <span class='ocrx_word' id='word_1_111' title='bbox 679 1857 1055 2047; x_wconf 50' lang='grc' dir='ltr'><strong>Ἔξεειῑίἀὶ.</strong></span> <span class='ocrx_word' id='word_1_112' title='bbox 1103 1953 1267 2021; x_wconf 82' lang='lat' dir='ltr'><strong>cum</strong></span> <span class='ocrx_word' id='word_1_113' title='bbox 1321 1926 1723 2072; x_wconf 38' lang='lat' dir='ltr'><strong>Triphylia</strong></span> <span class='ocrx_word' id='word_1_114' title='bbox 1786 1929 1866 2002; x_wconf 85' lang='lat' dir='ltr'><strong>ct</strong></span> <span class='ocrx_word' id='word_1_115' title='bbox 1910 1931 2300 2048; x_wconf 47' lang='lat' dir='ltr'><strong>Messenia</strong></span> <span class='ocrx_word' id='word_1_116' title='bbox 2356 1929 2525 2051; x_wconf 72' lang='lat' dir='ltr'><strong>ple·</strong></span> <span class='ocrx_word' id='word_1_117' title='bbox 2635 2014 2641 2021; x_wconf 45' lang='grc'>,</span> 
     </span>
     <span class='ocr_line' id='line_1_17' title="bbox 346 2021 2528 2221; baseline 0 -23"><span class='ocrx_word' id='word_1_118' title='bbox 346 2051 584 2198; x_wconf 58' lang='lat' dir='ltr'><strong>m</strong></span> <span class='ocrx_word' id='word_1_119' title='bbox 642 2021 1699 2221; x_wconf 48' lang='lat' dir='ltr'><strong>{ihffsstisslffiffffssssffissrssit</strong></span> <span class='ocrx_word' id='word_1_120' title='bbox 1721 2021 2119 2197; x_wconf 58' lang='grc' dir='ltr'><strong>Ἢέἐῖἰὲῗ</strong></span> <span class='ocrx_word' id='word_1_121' title='bbox 2143 2024 2528 2217; x_wconf 62' lang='grc' dir='ltr'><strong>ωῗιῖῗὲἓξ</strong></span> 
     </span>
     <span class='ocr_line' id='line_1_18' title="bbox 351 2216 2526 2319; baseline 0 -24"><span class='ocrx_word' id='word_1_122' title='bbox 351 2223 608 2319; x_wconf 84' lang='lat' dir='ltr'><strong>stirpis</strong></span> <span class='ocrx_word' id='word_1_123' title='bbox 727 2216 1105 2316; x_wconf 78' lang='lat' dir='ltr'><strong>elasgicae</strong></span> <span class='ocrx_word' id='word_1_124' title='bbox 1153 2216 1498 2317; x_wconf 83' lang='lat' dir='ltr'><strong>populus.</strong></span> <span class='ocrx_word' id='word_1_125' title='bbox 1598 2221 1844 2318; x_wconf 86' lang='lat' dir='ltr'><strong>Atque</strong></span> <span class='ocrx_word' id='word_1_126' title='bbox 1893 2217 1971 2291; x_wconf 91' lang='lat' dir='ltr'><strong>hi</strong></span> <span class='ocrx_word' id='word_1_127' title='bbox 2023 2216 2321 2318; x_wconf 86' lang='lat' dir='ltr'><strong>quidem</strong></span> <span class='ocrx_word' id='word_1_128' title='bbox 2358 2248 2526 2296; x_wconf 88' lang='lat' dir='ltr'><strong>cum</strong></span> 
     </span>
     <span class='ocr_line' id='line_1_19' title="bbox 348 2312 2524 2415; baseline 0.001 -24"><span class='ocrx_word' id='word_1_129' title='bbox 348 2314 858 2392; x_wconf 85' lang='lat' dir='ltr'><strong>Doriensihus</strong></span> <span class='ocrx_word' id='word_1_130' title='bbox 907 2312 1179 2388; x_wconf 82' lang='lat' dir='ltr'><strong>foedus</strong></span> <span class='ocrx_word' id='word_1_131' title='bbox 1213 2326 1288 2407; x_wconf 73' lang='lat' dir='ltr'><strong>et</strong></span> <span class='ocrx_word' id='word_1_132' title='bbox 1319 2316 1716 2387; x_wconf 88' lang='lat' dir='ltr'><strong>amicitiam</strong></span> <span class='ocrx_word' id='word_1_133' title='bbox 1748 2318 2087 2390; x_wconf 86' lang='lat' dir='ltr'><strong>iunxisse</strong></span> <span class='ocrx_word' id='word_1_134' title='bbox 2120 2314 2524 2415; x_wconf 84' lang='lat' dir='ltr'><strong>perhiben-</strong></span> 
     </span>
     <span class='ocr_line' id='line_1_20' title="bbox 351 2407 2522 2514; baseline 0 -24"><span class='ocrx_word' id='word_1_135' title='bbox 351 2421 476 2490; x_wconf 85' lang='lat' dir='ltr'><strong>tur</strong></span> <span class='ocrx_word' id='word_1_136' title='bbox 526 2411 897 2514; x_wconf 85' lang='lat' dir='ltr'><strong>sedesque</strong></span> <span class='ocrx_word' id='word_1_137' title='bbox 948 2437 1127 2484; x_wconf 87' lang='lat' dir='ltr'><strong>suas</strong></span> <span class='ocrx_word' id='word_1_138' title='bbox 1179 2415 1411 2512; x_wconf 87' lang='lat' dir='ltr'><strong>quieti</strong></span> <span class='ocrx_word' id='word_1_139' title='bbox 1459 2407 2037 2509; x_wconf 69' lang='lat' dir='ltr'><strong>retinebantss).</strong></span> <span class='ocrx_word' id='word_1_140' title='bbox 2148 2413 2340 2512; x_wconf 86' lang='lat' dir='ltr'><strong>Epei</strong></span> <span class='ocrx_word' id='word_1_141' title='bbox 2389 2441 2522 2489; x_wconf 88' lang='lat' dir='ltr'><strong>co-</strong></span> 
     </span>
     <span class='ocr_line' id='line_1_21' title="bbox 346 2506 2525 2611; baseline 0 -26"><span class='ocrx_word' id='word_1_142' title='bbox 346 2517 630 2611; x_wconf 77' lang='lat' dir='ltr'><strong>gnatos</strong></span> <span class='ocrx_word' id='word_1_143' title='bbox 678 2507 825 2584; x_wconf 90' lang='lat' dir='ltr'><strong>sihi</strong></span> <span class='ocrx_word' id='word_1_144' title='bbox 871 2508 1188 2582; x_wconf 85' lang='lat' dir='ltr'><strong>Aetolos</strong></span> <span class='ocrx_word' id='word_1_145' title='bbox 1216 2511 1378 2582; x_wconf 86' lang='lat' dir='ltr'><strong>sinc</strong></span> <span class='ocrx_word' id='word_1_146' title='bbox 1409 2507 1608 2583; x_wconf 89' lang='lat' dir='ltr'><strong>bello</strong></span> <span class='ocrx_word' id='word_1_147' title='bbox 1639 2506 1984 2581; x_wconf 87' lang='lat' dir='ltr'><strong>videntur</strong></span> <span class='ocrx_word' id='word_1_148' title='bbox 2007 2515 2384 2609; x_wconf 89' lang='lat' dir='ltr'><strong>recepisse</strong></span> <span class='ocrx_word' id='word_1_149' title='bbox 2407 2515 2525 2607; x_wconf 86' lang='lat'><strong>¹²),</strong></span> 
     </span>
     <span class='ocr_line' id='line_1_22' title="bbox 350 2603 2519 2704; baseline 0 -21"><span class='ocrx_word' id='word_1_150' title='bbox 350 2614 430 2684; x_wconf 87' lang='lat' dir='ltr'><strong>et</strong></span> <span class='ocrx_word' id='word_1_151' title='bbox 475 2614 551 2682; x_wconf 91' lang='lat' dir='ltr'><strong>in</strong></span> <span class='ocrx_word' id='word_1_152' title='bbox 603 2631 828 2681; x_wconf 89' lang='lat' dir='ltr'><strong>uuum</strong></span> <span class='ocrx_word' id='word_1_153' title='bbox 880 2604 1099 2678; x_wconf 83' lang='lat' dir='ltr'><strong>facile</strong></span> <span class='ocrx_word' id='word_1_154' title='bbox 1205 2604 1506 2703; x_wconf 87' lang='lat' dir='ltr'><strong>opulum</strong></span> <span class='ocrx_word' id='word_1_155' title='bbox 1560 2603 1818 2678; x_wconf 86' lang='lat' dir='ltr'><strong>coaliti</strong></span> <span class='ocrx_word' id='word_1_156' title='bbox 1862 2608 2047 2704; x_wconf 87' lang='lat' dir='ltr'><strong>post</strong></span> <span class='ocrx_word' id='word_1_157' title='bbox 2086 2606 2269 2681; x_wconf 90' lang='lat' dir='ltr'><strong>haec</strong></span> <span class='ocrx_word' id='word_1_158' title='bbox 2297 2612 2519 2683; x_wconf 81' lang='lat' dir='ltr'><strong>etiam</strong></span> 
     </span>
     <span class='ocr_line' id='line_1_23' title="bbox 345 2632 2524 2802; baseline 0.001 -23"><span class='ocrx_word' id='word_1_159' title='bbox 345 2707 671 2779; x_wconf 88' lang='lat' dir='ltr'><strong>Pisaeos</strong></span> <span class='ocrx_word' id='word_1_160' title='bbox 735 2711 813 2776; x_wconf 85' lang='lat' dir='ltr'><strong>et</strong></span> <span class='ocrx_word' id='word_1_161' title='bbox 862 2632 1308 2802; x_wconf 53' lang='lat' dir='ltr'><strong>Triphylios</strong></span> <span class='ocrx_word' id='word_1_162' title='bbox 1370 2699 1516 2775; x_wconf 88' lang='lat' dir='ltr'><strong>sibi</strong></span> <span class='ocrx_word' id='word_1_163' title='bbox 1567 2698 2128 2776; x_wconf 83' lang='lat' dir='ltr'><strong>subiunxerunt</strong></span> <span class='ocrx_word' id='word_1_164' title='bbox 2155 2705 2275 2799; x_wconf 78' lang='grc'><strong>13).</strong></span> <span class='ocrx_word' id='word_1_165' title='bbox 2371 2708 2524 2781; x_wconf 87' lang='lat' dir='ltr'><strong>Ne-</strong></span> 
     </span>
     <span class='ocr_line' id='line_1_24' title="bbox 349 2794 2523 2902; baseline -0 -26"><span class='ocrx_word' id='word_1_166' title='bbox 349 2801 547 2876; x_wconf 90' lang='lat' dir='ltr'><strong>lidae</strong></span> <span class='ocrx_word' id='word_1_167' title='bbox 600 2827 641 2875; x_wconf 99' lang='lat' dir='ltr'><strong>e</strong></span> <span class='ocrx_word' id='word_1_168' title='bbox 689 2802 1075 2875; x_wconf 86' lang='lat' dir='ltr'><strong>Messenia</strong></span> <span class='ocrx_word' id='word_1_169' title='bbox 1123 2824 1172 2872; x_wconf 87' lang='lat' dir='ltr'><strong>a</strong></span> <span class='ocrx_word' id='word_1_170' title='bbox 1200 2794 1701 2902; x_wconf 84' lang='lat' dir='ltr'><strong>Doriensihus</strong></span> <span class='ocrx_word' id='word_1_171' title='bbox 1749 2797 1949 2901; x_wconf 86' lang='lat' dir='ltr'><strong>pulsi</strong></span> <span class='ocrx_word' id='word_1_172' title='bbox 1976 2798 2309 2875; x_wconf 85' lang='lat' dir='ltr'><strong>Athenas</strong></span> <span class='ocrx_word' id='word_1_173' title='bbox 2339 2828 2523 2876; x_wconf 54' lang='lat' dir='ltr'><strong>couae</strong></span> 
     </span>
    </p>
   </div>
   <div class='ocr_carea' id='block_1_5' title="bbox 352 2963 747 2977">
    <p class='ocr_par' dir='ltr' id='par_1_6' title="bbox 352 2963 747 2977">
     <span class='ocr_line' id='line_1_25' title="bbox 352 2963 747 2977; baseline 0 1998"><span class='ocrx_word' id='word_1_174' title='bbox 352 2963 747 2977; x_wconf 95' lang='lat' dir='ltr'><strong> </strong></span> 
     </span>
    </p>
   </div>
   <div class='ocr_carea' id='block_1_6' title="bbox 354 3039 2528 3187">
    <p class='ocr_par' dir='ltr' id='par_1_7' title="bbox 354 3039 2528 3187">
     <span class='ocr_line' id='line_1_26' title="bbox 495 3039 2528 3114; baseline 0 -16"><span class='ocrx_word' id='word_1_175' title='bbox 495 3042 556 3111; x_wconf 79' lang='lat'><strong>4)</strong></span> <span class='ocrx_word' id='word_1_176' title='bbox 597 3041 930 3098; x_wconf 77' lang='lat' dir='ltr'><strong>Secundum</strong></span> <span class='ocrx_word' id='word_1_177' title='bbox 966 3040 1345 3114; x_wconf 76' lang='lat' dir='ltr'><strong>Thucydidis,</strong></span> <span class='ocrx_word' id='word_1_178' title='bbox 1378 3039 1782 3095; x_wconf 73' lang='lat' dir='ltr'><strong>Eratosthenis</strong></span> <span class='ocrx_word' id='word_1_179' title='bbox 1821 3046 1880 3095; x_wconf 82' lang='lat' dir='ltr'><strong>ct</strong></span> <span class='ocrx_word' id='word_1_180' title='bbox 1910 3039 2259 3113; x_wconf 80' lang='lat' dir='ltr'><strong>Apollodori</strong></span> <span class='ocrx_word' id='word_1_181' title='bbox 2296 3061 2419 3096; x_wconf 85' lang='lat' dir='ltr'><strong>com</strong></span> <span class='ocrx_word' id='word_1_182' title='bbox 2464 3063 2528 3098; x_wconf 87' lang='lat' dir='ltr'><strong>u-</strong></span> 
     </span>
     <span class='ocr_line' id='line_1_27' title="bbox 354 3109 2528 3187; baseline -0.002 -16"><span class='ocrx_word' id='word_1_183' title='bbox 354 3119 649 3171; x_wconf 76' lang='lat' dir='ltr'><strong>tationem.</strong></span> <span class='ocrx_word' id='word_1_184' title='bbox 721 3113 814 3170; x_wconf 81' lang='lat' dir='ltr'><strong>cf.</strong></span> <span class='ocrx_word' id='word_1_185' title='bbox 853 3112 1039 3168; x_wconf 72' lang='lat' dir='ltr'><strong>Thuc-</strong></span> <span class='ocrx_word' id='word_1_186' title='bbox 1075 3115 1124 3181; x_wconf 91' lang='lat'><strong>1,</strong></span> <span class='ocrx_word' id='word_1_187' title='bbox 1161 3116 1249 3168; x_wconf 78' lang='lat'><strong>12.</strong></span> <span class='ocrx_word' id='word_1_188' title='bbox 1318 3113 1490 3168; x_wconf 84' lang='lat' dir='ltr'><strong>Diod.</strong></span> <span class='ocrx_word' id='word_1_189' title='bbox 1526 3115 1574 3181; x_wconf 91' lang='lat'><strong>1,</strong></span> <span class='ocrx_word' id='word_1_190' title='bbox 1610 3114 1664 3167; x_wconf 92' lang='grc'><strong>5.</strong></span> <span class='ocrx_word' id='word_1_191' title='bbox 1733 3112 1918 3166; x_wconf 79' lang='lat' dir='ltr'><strong>Clem.</strong></span> <span class='ocrx_word' id='word_1_192' title='bbox 1950 3109 2118 3167; x_wconf 79' lang='lat' dir='ltr'><strong>Alex.</strong></span> <span class='ocrx_word' id='word_1_193' title='bbox 2155 3113 2371 3172; x_wconf 86' lang='lat' dir='ltr'><strong>Strom.</strong></span> <span class='ocrx_word' id='word_1_194' title='bbox 2471 3135 2528 3187; x_wconf 98' lang='grc' dir='ltr'><strong>Ρ.</strong></span> 
     </span>
    </p>
   </div>
   <div class='ocr_carea' id='block_1_7' title="bbox 349 3182 2611 3260">
    <p class='ocr_par' dir='ltr' id='par_1_8' title="bbox 349 3182 2611 3260">
     <span class='ocr_line' id='line_1_28' title="bbox 349 3182 2611 3260; baseline -0.002 -17"><span class='ocrx_word' id='word_1_195' title='bbox 349 3190 475 3244; x_wconf 77' lang='grc'><strong>336.</strong></span> <span class='ocrx_word' id='word_1_196' title='bbox 512 3188 583 3240; x_wconf 84' lang='grc' dir='ltr'><strong>Β.</strong></span> <span class='ocrx_word' id='word_1_197' title='bbox 657 3188 847 3260; x_wconf 75' lang='lat' dir='ltr'><strong>Heyn.</strong></span> <span class='ocrx_word' id='word_1_198' title='bbox 875 3189 936 3239; x_wconf 81' lang='lat' dir='ltr'><strong>in</strong></span> <span class='ocrx_word' id='word_1_199' title='bbox 972 3185 1250 3259; x_wconf 79' lang='lat' dir='ltr'><strong>Apollod.</strong></span> <span class='ocrx_word' id='word_1_200' title='bbox 1286 3183 1361 3238; x_wconf 85' lang='lat' dir='ltr'><strong>fr.</strong></span> <span class='ocrx_word' id='word_1_201' title='bbox 1397 3205 1453 3259; x_wconf 91' lang='grc' dir='ltr'><strong>Ρ.</strong></span> <span class='ocrx_word' id='word_1_202' title='bbox 1488 3185 1615 3239; x_wconf 82' lang='grc'><strong>410.</strong></span> <span class='ocrx_word' id='word_1_203' title='bbox 1686 3184 1966 3237; x_wconf 72' lang='lat' dir='ltr'><strong>Diversae</strong></span> <span class='ocrx_word' id='word_1_204' title='bbox 2014 3182 2259 3238; x_wconf 72' lang='lat' dir='ltr'><strong>oliorum</strong></span> <span class='ocrx_word' id='word_1_205' title='bbox 2293 3193 2527 3240; x_wconf 80' lang='lat' dir='ltr'><strong>senten·</strong></span> <span class='ocrx_word' id='word_1_206' title='bbox 2605 3253 2611 3258; x_wconf 22' lang='lat'>⁶</span> 
     </span>
    </p>
   </div>
   <div class='ocr_carea' id='block_1_8' title="bbox 347 3254 2454 3507">
    <p class='ocr_par' dir='ltr' id='par_1_9' title="bbox 347 3254 2454 3507">
     <span class='ocr_line' id='line_1_29' title="bbox 347 3254 2412 3340; baseline -0.004 -25"><span class='ocrx_word' id='word_1_207' title='bbox 347 3262 460 3315; x_wconf 74' lang='lat' dir='ltr'><strong>tias</strong></span> <span class='ocrx_word' id='word_1_208' title='bbox 492 3257 610 3314; x_wconf 78' lang='lat' dir='ltr'><strong>vid.</strong></span> <span class='ocrx_word' id='word_1_209' title='bbox 648 3278 736 3332; x_wconf 79' lang='lat' dir='ltr'><strong>ap.</strong></span> <span class='ocrx_word' id='word_1_210' title='bbox 772 3259 1090 3312; x_wconf 73' lang='lat' dir='ltr'><strong>Metu-sium</strong></span> <span class='ocrx_word' id='word_1_211' title='bbox 1130 3256 1202 3311; x_wconf 86' lang='lat' dir='ltr'><strong>de</strong></span> <span class='ocrx_word' id='word_1_212' title='bbox 1237 3274 1396 3326; x_wconf 72' lang='lat' dir='ltr'><strong>regn.</strong></span> <span class='ocrx_word' id='word_1_213' title='bbox 1431 3256 1568 3310; x_wconf 77' lang='lat' dir='ltr'><strong>Lac.</strong></span> <span class='ocrx_word' id='word_1_214' title='bbox 1608 3274 1656 3309; x_wconf 85' lang='lat' dir='ltr'><strong>c.</strong></span> <span class='ocrx_word' id='word_1_215' title='bbox 1694 3254 1731 3309; x_wconf 83' lang='lat'><em>8</em></span> <span class='ocrx_word' id='word_1_216' title='bbox 1767 3260 1912 3309; x_wconf 83' lang='lat' dir='ltr'><strong>extr.</strong></span> <span class='ocrx_word' id='word_1_217' title='bbox 2408 3333 2412 3340; x_wconf 16' lang='grc' dir='ltr'><strong>μ</strong></span> 
     </span>
     <span class='ocr_line' id='line_1_30' title="bbox 489 3342 2454 3418; baseline -0.001 -16"><span class='ocrx_word' id='word_1_218' title='bbox 489 3345 552 3415; x_wconf 86' lang='grc'><strong>5)</strong></span> <span class='ocrx_word' id='word_1_219' title='bbox 596 3346 765 3401; x_wconf 79' lang='lat' dir='ltr'><strong>mod.</strong></span> <span class='ocrx_word' id='word_1_220' title='bbox 803 3346 911 3413; x_wconf 78' lang='lat' dir='ltr'><strong>W,</strong></span> <span class='ocrx_word' id='word_1_221' title='bbox 947 3346 1034 3401; x_wconf 76' lang='lat'><strong>58.</strong></span> <span class='ocrx_word' id='word_1_222' title='bbox 1068 3344 1342 3418; x_wconf 80' lang='lat' dir='ltr'><strong>Apollod.</strong></span> <span class='ocrx_word' id='word_1_223' title='bbox 1378 3346 1457 3414; x_wconf 90' lang='lat'><strong>11,</strong></span> <span class='ocrx_word' id='word_1_224' title='bbox 1494 3344 1549 3408; x_wconf 83' lang='lat'><strong>8,</strong></span> <span class='ocrx_word' id='word_1_225' title='bbox 1583 3346 1638 3411; x_wconf 78' lang='lat'><strong>2,</strong></span> <span class='ocrx_word' id='word_1_226' title='bbox 1673 3342 1712 3397; x_wconf 75' lang='lat'>4</span> <span class='ocrx_word' id='word_1_227' title='bbox 1744 3357 1869 3416; x_wconf 78' lang='lat' dir='ltr'><strong>sqq.</strong></span> <span class='ocrx_word' id='word_1_228' title='bbox 1904 3344 2158 3398; x_wconf 69' lang='lat' dir='ltr'><strong>Pansam.</strong></span> <span class='ocrx_word' id='word_1_229' title='bbox 2194 3345 2275 3416; x_wconf 77' lang='lat' dir='ltr'><strong>V,</strong></span> <span class='ocrx_word' id='word_1_230' title='bbox 2310 3345 2365 3415; x_wconf 77' lang='lat'><strong>3,</strong></span> <span class='ocrx_word' id='word_1_231' title='bbox 2398 3345 2454 3400; x_wconf 76' lang='lat'><strong>5.</strong></span> 
     </span>
     <span class='ocr_line' id='line_1_31' title="bbox 489 3433 1177 3507; baseline -0.004 -17"><span class='ocrx_word' id='word_1_232' title='bbox 489 3433 556 3507; x_wconf 77' lang='grc' dir='ltr'><strong>ὃ)</strong></span> <span class='ocrx_word' id='word_1_233' title='bbox 592 3438 845 3490; x_wconf 79' lang='lat' dir='ltr'><strong>Pausan.</strong></span> <span class='ocrx_word' id='word_1_234' title='bbox 882 3434 961 3503; x_wconf 82' lang='lat'><strong>11,</strong></span> <span class='ocrx_word' id='word_1_235' title='bbox 999 3434 1088 3500; x_wconf 83' lang='lat'><strong>18,</strong></span> <span class='ocrx_word' id='word_1_236' title='bbox 1123 3435 1177 3489; x_wconf 90' lang='grc'><strong>5.</strong></span> 
     </span>
    </p>
   </div>
   <div class='ocr_carea' id='block_1_9' title="bbox 351 3520 2527 3666">
    <p class='ocr_par' dir='ltr' id='par_1_10' title="bbox 351 3520 2527 3666">
     <span class='ocr_line' id='line_1_32' title="bbox 495 3520 2527 3595; baseline 0 -16"><span class='ocrx_word' id='word_1_237' title='bbox 495 3523 554 3587; x_wconf 84' lang='grc'><strong>’2)</strong></span> <span class='ocrx_word' id='word_1_238' title='bbox 589 3523 676 3576; x_wconf 86' lang='lat' dir='ltr'><strong>Id.</strong></span> <span class='ocrx_word' id='word_1_239' title='bbox 713 3524 786 3589; x_wconf 87' lang='lat'><strong>11,</strong></span> <span class='ocrx_word' id='word_1_240' title='bbox 824 3523 877 3585; x_wconf 76' lang='lat'><strong>4,</strong></span> <span class='ocrx_word' id='word_1_241' title='bbox 914 3525 970 3577; x_wconf 75' lang='lat'><strong>2.</strong></span> <span class='ocrx_word' id='word_1_242' title='bbox 1007 3521 1082 3576; x_wconf 77' lang='lat' dir='ltr'><strong>cf.</strong></span> <span class='ocrx_word' id='word_1_243' title='bbox 1113 3524 1181 3577; x_wconf 78' lang='lat' dir='ltr'><strong>G.</strong></span> <span class='ocrx_word' id='word_1_244' title='bbox 1195 3523 1485 3591; x_wconf 74' lang='lat' dir='ltr'><strong>Wagner,</strong></span> <span class='ocrx_word' id='word_1_245' title='bbox 1522 3539 1714 3575; x_wconf 83' lang='lat' dir='ltr'><strong>rerum</strong></span> <span class='ocrx_word' id='word_1_246' title='bbox 1751 3520 2182 3577; x_wconf 72' lang='lat' dir='ltr'><strong>Corinthiarum</strong></span> <span class='ocrx_word' id='word_1_247' title='bbox 2217 3523 2527 3595; x_wconf 77' lang='lat' dir='ltr'><strong>specimen.</strong></span> 
     </span>
     <span class='ocr_line' id='line_1_33' title="bbox 351 3590 1353 3666; baseline -0.003 -17"><span class='ocrx_word' id='word_1_248' title='bbox 351 3592 708 3666; x_wconf 74' lang='lat' dir='ltr'><strong>(Darmstad.</strong></span> <span class='ocrx_word' id='word_1_249' title='bbox 753 3593 911 3648; x_wconf 80' lang='lat'><strong>1824.</strong></span> <span class='ocrx_word' id='word_1_250' title='bbox 949 3590 1033 3665; x_wconf 83' lang='lat'><strong>8.)</strong></span> <span class='ocrx_word' id='word_1_251' title='bbox 1067 3612 1125 3665; x_wconf 91' lang='grc' dir='ltr'><strong>Ρ.</strong></span> <span class='ocrx_word' id='word_1_252' title='bbox 1164 3594 1236 3649; x_wconf 86' lang='grc'><strong>78</strong></span> <span class='ocrx_word' id='word_1_253' title='bbox 1268 3611 1353 3666; x_wconf 79' lang='lat' dir='ltr'><strong>sq.</strong></span> 
     </span>
    </p>
   </div>
   <div class='ocr_carea' id='block_1_10' title="bbox 349 3679 2526 3847">
    <p class='ocr_par' dir='ltr' id='par_1_11' title="bbox 349 3679 2526 3847">
     <span class='ocr_line' id='line_1_34' title="bbox 491 3679 2526 3753; baseline 0 -14"><span class='ocrx_word' id='word_1_254' title='bbox 491 3681 551 3750; x_wconf 83' lang='lat'><strong>8)</strong></span> <span class='ocrx_word' id='word_1_255' title='bbox 590 3682 806 3738; x_wconf 82' lang='lat' dir='ltr'><strong>Herod.</strong></span> <span class='ocrx_word' id='word_1_256' title='bbox 825 3684 872 3752; x_wconf 90' lang='lat'><strong>1,</strong></span> <span class='ocrx_word' id='word_1_257' title='bbox 903 3683 1025 3739; x_wconf 74' lang='lat'><strong>146.</strong></span> <span class='ocrx_word' id='word_1_258' title='bbox 1060 3683 1249 3753; x_wconf 78' lang='lat' dir='ltr'><strong>Heyn.</strong></span> <span class='ocrx_word' id='word_1_259' title='bbox 1285 3680 1360 3734; x_wconf 78' lang='lat' dir='ltr'><strong>ad</strong></span> <span class='ocrx_word' id='word_1_260' title='bbox 1395 3679 1563 3737; x_wconf 75' lang='lat' dir='ltr'><strong>Iliad.</strong></span> <span class='ocrx_word' id='word_1_261' title='bbox 1580 3681 1656 3749; x_wconf 91' lang='lat'><strong>11,</strong></span> <span class='ocrx_word' id='word_1_262' title='bbox 1690 3681 1818 3738; x_wconf 75' lang='grc'><strong>574.</strong></span> <span class='ocrx_word' id='word_1_263' title='bbox 1856 3682 1911 3736; x_wconf 87' lang='grc'><strong>5.</strong></span> <span class='ocrx_word' id='word_1_264' title='bbox 1947 3679 2221 3736; x_wconf 78' lang='lat' dir='ltr'><strong>Mueller.</strong></span> <span class='ocrx_word' id='word_1_265' title='bbox 2253 3679 2526 3740; x_wconf 68' lang='lat' dir='ltr'><strong>Orchom-</strong></span> 
     </span>
     <span class='ocr_line' id='line_1_35' title="bbox 349 3772 568 3847; baseline -0.009 -21"><span class='ocrx_word' id='word_1_266' title='bbox 349 3793 408 3847; x_wconf 87' lang='grc' dir='ltr'><strong>Ρ.</strong></span> <span class='ocrx_word' id='word_1_267' title='bbox 445 3772 568 3828; x_wconf 79' lang='grc'><strong>367.</strong></span> 
     </span>
    </p>
   </div>
   <div class='ocr_carea' id='block_1_11' title="bbox 347 3839 2530 3999">
    <p class='ocr_par' dir='ltr' id='par_1_12' title="bbox 347 3839 2530 3999">
     <span class='ocr_line' id='line_1_36' title="bbox 347 3839 2530 3987; baseline 0 -73"><span class='ocrx_word' id='word_1_268' title='bbox 347 3932 386 3987; x_wconf 71' lang='lat'>3</span> <span class='ocrx_word' id='word_1_269' title='bbox 439 3857 566 3985; x_wconf 51' lang='lat'><strong>4⁹}</strong></span> <span class='ocrx_word' id='word_1_270' title='bbox 596 3859 765 3914; x_wconf 64' lang='lat' dir='ltr'><strong>maa.</strong></span> <span class='ocrx_word' id='word_1_271' title='bbox 797 3861 882 3929; x_wconf 86' lang='lat'><strong>11,</strong></span> <span class='ocrx_word' id='word_1_272' title='bbox 927 3860 1035 3916; x_wconf 78' lang='lat'><strong>615</strong></span> <span class='ocrx_word' id='word_1_273' title='bbox 1081 3839 1204 3933; x_wconf 64' lang='lat' dir='ltr'><strong>sqq.</strong></span> <span class='ocrx_word' id='word_1_274' title='bbox 1257 3858 1453 3929; x_wconf 67' lang='lat' dir='ltr'><strong>noyn.</strong></span> <span class='ocrx_word' id='word_1_275' title='bbox 1489 3862 1632 3912; x_wconf 79' lang='lat' dir='ltr'><strong>tom.</strong></span> <span class='ocrx_word' id='word_1_276' title='bbox 1667 3857 1761 3912; x_wconf 69' lang='grc' dir='ltr'><strong>ιν</strong></span> <span class='ocrx_word' id='word_1_277' title='bbox 1807 3876 1865 3929; x_wconf 71' lang='lat' dir='ltr'><strong>p.</strong></span> <span class='ocrx_word' id='word_1_278' title='bbox 1903 3857 2031 3914; x_wconf 75' lang='lat'><strong>342.</strong></span> <span class='ocrx_word' id='word_1_279' title='bbox 2068 3860 2319 3946; x_wconf 55' lang='lat' dir='ltr'><strong>raa-an.</strong></span> <span class='ocrx_word' id='word_1_280' title='bbox 2352 3859 2444 3927; x_wconf 76' lang='lat' dir='ltr'><strong>V,</strong></span> <span class='ocrx_word' id='word_1_281' title='bbox 2478 3858 2530 3929; x_wconf 88' lang='lat'><strong>1,</strong></span> 
     </span>
     <span class='ocr_line' id='line_1_37' title="bbox 390 3968 582 3999; baseline 0.005 -15"><span class='ocrx_word' id='word_1_282' title='bbox 390 3969 404 3984; x_wconf 91' lang='lat'><strong><em>.</em></strong></span> <span class='ocrx_word' id='word_1_283' title='bbox 477 3969 495 3999; x_wconf 91' lang='lat'><strong>,</strong></span> <span class='ocrx_word' id='word_1_284' title='bbox 566 3968 582 3985; x_wconf 88' lang='lat'><strong>.</strong></span> 
     </span>
    </p>
   </div>
   <div class='ocr_carea' id='block_1_12' title="bbox 492 4016 2133 4359">
    <p class='ocr_par' dir='ltr' id='par_1_13' title="bbox 492 4016 1680 4098">
     <span class='ocr_line' id='line_1_38' title="bbox 492 4016 1680 4098; baseline 0.003 -24"><span class='ocrx_word' id='word_1_285' title='bbox 492 4016 592 4094; x_wconf 87' lang='grc'><strong>10)</strong></span> <span class='ocrx_word' id='word_1_286' title='bbox 628 4018 825 4074; x_wconf 68' lang='lat' dir='ltr'><strong>Str-oh.</strong></span> <span class='ocrx_word' id='word_1_287' title='bbox 862 4020 1028 4086; x_wconf 84' lang='lat' dir='ltr'><strong>vlu,</strong></span> <span class='ocrx_word' id='word_1_288' title='bbox 1063 4020 1100 4073; x_wconf 87' lang='grc'>3</span> <span class='ocrx_word' id='word_1_289' title='bbox 1135 4018 1353 4098; x_wconf 75' lang='lat' dir='ltr'><strong>P·,⁸3⁷·</strong></span> <span class='ocrx_word' id='word_1_290' title='bbox 1387 4018 1427 4073; x_wconf 74' lang='lat'>4</span> <span class='ocrx_word' id='word_1_291' title='bbox 1459 4037 1516 4090; x_wconf 87' lang='grc' dir='ltr'><strong>Ρ.</strong></span> <span class='ocrx_word' id='word_1_292' title='bbox 1551 4016 1680 4077; x_wconf 82' lang='grc'><strong>359.</strong></span> 
     </span>
    </p>

    <p class='ocr_par' dir='ltr' id='par_1_14' title="bbox 496 4107 1264 4177">
     <span class='ocr_line' id='line_1_39' title="bbox 496 4107 1264 4177; baseline -0.005 -13"><span class='ocrx_word' id='word_1_293' title='bbox 496 4110 594 4177; x_wconf 84' lang='grc'><strong>11)</strong></span> <span class='ocrx_word' id='word_1_294' title='bbox 631 4110 883 4164; x_wconf 82' lang='lat' dir='ltr'><strong>Pausan.</strong></span> <span class='ocrx_word' id='word_1_295' title='bbox 922 4107 1085 4174; x_wconf 83' lang='lat' dir='ltr'><strong>vm,</strong></span> <span class='ocrx_word' id='word_1_296' title='bbox 1120 4109 1174 4170; x_wconf 85' lang='grc'><strong>5,</strong></span> <span class='ocrx_word' id='word_1_297' title='bbox 1209 4107 1264 4162; x_wconf 79' lang='grc'><strong>3.</strong></span> 
     </span>
    </p>

    <p class='ocr_par' dir='ltr' id='par_1_15' title="bbox 497 4194 1331 4267">
     <span class='ocr_line' id='line_1_40' title="bbox 497 4194 1331 4267; baseline -0.002 -16"><span class='ocrx_word' id='word_1_298' title='bbox 497 4194 595 4267; x_wconf 75' lang='lat'><strong>12)</strong></span> <span class='ocrx_word' id='word_1_299' title='bbox 631 4198 720 4256; x_wconf 79' lang='lat' dir='ltr'><strong>ld.</strong></span> <span class='ocrx_word' id='word_1_300' title='bbox 755 4197 836 4264; x_wconf 81' lang='lat' dir='ltr'><strong>V,</strong></span> <span class='ocrx_word' id='word_1_301' title='bbox 868 4195 924 4262; x_wconf 79' lang='lat'><strong>4,</strong></span> <span class='ocrx_word' id='word_1_302' title='bbox 964 4196 995 4249; x_wconf 91' lang='lat'>1</span> <span class='ocrx_word' id='word_1_303' title='bbox 1035 4194 1107 4248; x_wconf 87' lang='lat' dir='ltr'><strong>cl.</strong></span> <span class='ocrx_word' id='word_1_304' title='bbox 1146 4196 1232 4263; x_wconf 85' lang='lat'><strong>18,</strong></span> <span class='ocrx_word' id='word_1_305' title='bbox 1273 4197 1331 4249; x_wconf 74' lang='lat'><strong>2.</strong></span> 
     </span>
    </p>

    <p class='ocr_par' dir='ltr' id='par_1_16' title="bbox 498 4281 2133 4359">
     <span class='ocr_line' id='line_1_41' title="bbox 498 4281 2133 4359; baseline -0.002 -16"><span class='ocrx_word' id='word_1_306' title='bbox 498 4282 599 4359; x_wconf 78' lang='lat'><strong>13)</strong></span> <span class='ocrx_word' id='word_1_307' title='bbox 638 4285 729 4345; x_wconf 74' lang='lat' dir='ltr'><strong>Cf.</strong></span> <span class='ocrx_word' id='word_1_308' title='bbox 765 4281 980 4356; x_wconf 82' lang='lat' dir='ltr'><strong>Ephor.</strong></span> <span class='ocrx_word' id='word_1_309' title='bbox 1018 4302 1105 4356; x_wconf 83' lang='lat' dir='ltr'><strong>ap.</strong></span> <span class='ocrx_word' id='word_1_310' title='bbox 1143 4282 1337 4338; x_wconf 70' lang='lat' dir='ltr'><strong>Sti-ah.</strong></span> <span class='ocrx_word' id='word_1_311' title='bbox 1375 4284 1543 4351; x_wconf 84' lang='lat' dir='ltr'><strong>vm,</strong></span> <span class='ocrx_word' id='word_1_312' title='bbox 1577 4282 1616 4339; x_wconf 77' lang='lat'>3</span> <span class='ocrx_word' id='word_1_313' title='bbox 1649 4300 1710 4355; x_wconf 74' lang='grc' dir='ltr'><strong>Ρ.</strong></span> <span class='ocrx_word' id='word_1_314' title='bbox 1744 4282 1853 4341; x_wconf 78' lang='grc'><strong>357</strong></span> <span class='ocrx_word' id='word_1_315' title='bbox 1891 4301 1978 4359; x_wconf 74' lang='lat' dir='ltr'><strong>sq.</strong></span> <span class='ocrx_word' id='word_1_316' title='bbox 2122 4337 2133 4350; x_wconf 75' lang='grc'>,</span> 
     </span>
    </p>
   </div>
  </div>
 </body>
</html>
