3067 4975
613 390 761 473 176
1018 386 1101 466 ν.
1148 391 1268 465 De
1316 414 1405 464 re
1439 340 1760 492 publica
1807 391 2400 470 Atheniensium,

607 576 737 649 tur
784 568 992 646 nullo
1046 570 1397 646 classium
1449 573 1584 645 aut
1634 571 1976 649 ordinum
2030 571 2496 666 discrimine,
2559 574 2789 649 modo

609 698 706 745 ne
754 673 1089 744 minores
1154 672 1370 742 annis
1431 672 1770 768 triginta.
1872 673 1988 743 l)e
2059 667 2286 743 caede
2362 677 2604 746 tamen
2672 678 2785 746 iu-

607 766 804 841 dicia
852 765 1216 911 pleraque
1268 791 1312 838 e
1360 767 1740 840 Draconis
1792 770 2135 839 instituto
2187 767 2506 866 Ephetis
2556 769 2784 842 relin-

607 860 1079 966 quebantur¹
1157 915 1179 955 ,
1252 887 1352 935 ex
1403 861 1795 937 nobilitate
1845 868 2192 963 sumptis:
2258 889 2484 937 uuum
2536 892 2786 964 genus

603 968 912 1053 φονικῶν,
966 958 1058 1032 de
1111 962 1365 1059 quoin
1397 961 1808 1058 Areopago
1839 959 2311 1033 iudicandum
2344 968 2532 1054 erat,
2583 989 2781 1035 novo

605 1054 896 1129 cuidam
963 1053 1291 1154 collegio
1357 1058 1988 1155 Areopagitarum
2065 1056 2420 1129 traditum
2449 1059 2577 1151 ¹²),
2664 1062 2783 1132 cui

602 1150 932 1250 collegio
984 1149 1631 1243 adscribebantur,
1685 1159 1807 1253 qui
1859 1153 2298 1227 archontum
2329 1152 2583 1227 officio
2616 1181 2783 1230 cum

600 1246 826 1323 laude
877 1248 1249 1348 perfuncti
1301 1253 1705 1346 essent²³).
1804 1251 2077 1324 lisdem
2140 1256 2353 1351 quasi
2416 1253 2780 1352 quaedam

600 1349 838 1419 totius
889 1349 1000 1421 rei
1050 1344 1391 1446 publicae
1444 1347 1792 1419 custodia
1841 1351 2208 1421 iniuncta:
2261 1356 2345 1420 ut
2384 1353 2780 1447 magistra-

598 1443 808 1517 tuum
859 1447 1031 1516 acta
1081 1446 1564 1542 inspicerent,
1618 1453 1693 1516 et
1741 1448 1806 1517 si
1858 1446 2031 1544 quid
2088 1445 2355 1517 contra
2406 1447 2472 1517 le
2536 1473 2618 1519 es
2649 1453 2780 1519 aut

594 1536 880 1614 bouum
928 1537 1305 1638 publicum
1361 1546 1744 1639 ageretur,
1794 1539 2198 1635 mouendo,
2250 1544 2468 1616 vetan
2525 1570 2599 1631 o,
2652 1543 2778 1616 de·

600 1635 1029 1710 nunciando
1081 1639 1677 1711 intercederent:
1745 1643 2071 1737 itemque
2137 1643 2598 1737 privatorum
2666 1643 2774 1714 vi-

597 1734 726 1808 tae
773 1758 1212 1833 morumque
1266 1739 1342 1807 et
1405 1735 1842 1832 disciplinae
1909 1732 2253 1835 publicae
2321 1762 2575 1810 curam
2636 1761 2775 1834 ge-

595 1839 853 1904 rerent
881 1831 1000 1928 ¹⁴).
1067 1835 1420 1905 Ceterum
1449 1858 1666 1904 nemo
1699 1856 1935 1934 neque
1969 1836 2487 1929 magistratus,
2530 1859 2771 1933 neque

596 1936 929 2021 senator,
979 1953 1223 2027 neque
1275 1932 1529 2021 iudex,
1581 1957 1719 2004 nec
1771 1929 1896 2031 qui
1975 1933 2294 2003 comitiis
2340 1933 2770 2021 interesset,

592 2023 1013 2098 mercedem
1066 2024 1156 2097 de
1219 2026 1523 2125 publico
1587 2026 2005 2127 accipiebat
2032 2029 2164 2118 ¹⁵),
2231 2052 2420 2126 quae
2488 2055 2611 2100 res
2674 2053 2766 2100 eo

590 2118 860 2213 valuit,
924 2130 1007 2194 ut
1063 2119 1447 2224 plerisque
1515 2124 1776 2198 horum
1846 2127 2169 2196 munium
2226 2123 2768 2221 locupletiores

591 2223 877 2290 tantum
938 2223 1331 2312 vacarent,
1391 2222 1861 2295 tenuioribus
1934 2225 2180 2292 autem
2261 2230 2579 2320 propter
2656 2223 2768 2295 rei

590 2314 1047 2485 {lomesticae
1128 2343 1380 2392 curam
1449 2324 1698 2394 rarius
1768 2347 1926 2395 rem
2000 2317 2374 2416 publicam
2435 2323 2767 2393 tractare

617 2414 873 2485 iceret.

1551 2581 1623 2680 ς.
1674 2582 1812 2656 ix.

777 2714 895 2787 Ita
945 2716 1324 2812 sapienter
1376 2716 1793 2811 temperata
1859 2670 2351 2811 republica,
2418 2737 2557 2784 nec
2625 2715 2757 2786 im·

584 2813 864 2883 minuta
915 2815 1130 2885 nimis
1181 2814 1644 2909 optimatium
1692 2813 2098 2911 potestate,
2151 2816 2228 2883 et
2272 2806 2494 2908 plebe
2541 2816 2617 2883 iu
2669 2809 2757 2884 li-

578 3051 715 3107 hinc
771 3053 1115 3108 concludere
1170 3052 1387 3108 iudicia
1454 3051 1757 3107 heliastica
1814 3051 2215 3122 tantummodo
2271 3054 2752 3130 provocationum

580 3144 753 3179 causa
788 3128 1054 3180 instituta
1095 3144 1237 3183 esse.

718 3230 815 3301 ll)
854 3233 1007 3286 Plut.
1048 3232 1254 3286 Solon.
1294 3251 1344 3286 ο.
1383 3231 1470 3288 17.
1510 3229 1739 3315 Aelian.
1774 3230 1852 3284 V.
1887 3231 1963 3285 Η.
2000 3232 2169 3291 vm,
2207 3232 2294 3285 10.

723 3339 821 3403 12)
859 3337 1076 3392 Pollux
1112 3342 1278 3404 vm,
1317 3341 1436 3393 125.
1495 3340 1732 3392 Novum
1776 3337 2078 3407 collegium
2117 3339 2591 3408 Areopagitarum
2633 3339 2749 3392 dixi

577 3410 713 3481 quia
750 3428 785 3462 a
822 3420 1018 3462 vetere
1053 3412 1159 3463 illo
1198 3411 1620 3482 cupatridarum
1673 3419 1907 3477 senatu,
1946 3413 2042 3482 qui
2081 3421 2139 3462 et
2173 3412 2295 3480 ipse
2335 3409 2404 3461 ab
2441 3412 2748 3482 Areopago

574 3500 784 3536 nomen
835 3480 1052 3544 habuit,
1102 3483 1272 3553 plane
1310 3482 1600 3536 diversum
1640 3481 1781 3550 fuit,
1828 3484 1878 3534 si
1916 3481 2141 3551 quidem
2183 3483 2480 3554 utriusque
2518 3500 2748 3554 compo-

571 3555 837 3606 sitionem
887 3562 1226 3624 spectemus.
1299 3554 1464 3608 Alias
1512 3572 1629 3606 non
1676 3556 1757 3605 ita
1809 3552 2269 3613 dissimile'fuit,
2322 3564 2387 3605 ut
2435 3572 2552 3605 non
2592 3563 2747 3608 recte

572 3624 757 3677 Solon
803 3624 875 3680 ab
924 3623 1243 3677 Aristotele
1291 3625 1463 3679 Pom.
1494 3627 1570 3690 ΙΙ,
1609 3626 1663 3690 9,
1699 3628 1734 3678 2
1770 3634 2031 3676 senatum
2069 3625 2535 3693 Areopagiticum
2575 3645 2742 3697 quem

571 3696 861 3751 invenerit
895 3715 1160 3750 servasse
1199 3696 1310 3749 dici
1346 3699 1614 3768 potuerit.
1688 3695 1808 3748 sed
1846 3704 2083 3766 apparet
2119 3695 2289 3747 facile
2327 3694 2450 3748 fieri
2488 3699 2744 3767 potuisse

571 3773 638 3819 nt
690 3768 853 3821 multi
918 3773 1285 3840 Areopagum
1349 3787 1383 3821 a
1433 3766 1653 3819 Solone
1713 3768 1934 3820 demum
1997 3768 2317 3818 institutum
2370 3775 2746 3823 autumarent.

571 3836 664 3892 Cf.
702 3840 874 3894 Proc.
909 3843 1032 3895 Aa.
1065 3860 1123 3912 p.
1161 3840 1231 3894 16
1265 3859 1349 3913 sq.
1387 3847 1445 3893 et
1481 3836 1741 3892 Boeckh.
1779 3839 1851 3892 de
1875 3836 2225 3892 Philochoro
2260 3857 2318 3908 p.
2358 3840 2445 3892 12.

714 3940 811 4013 13)
866 3947 1022 4001 Plut.
1077 3945 1282 4000 Solon.
1337 3964 1385 3998 ο.
1445 3944 1515 3999 19
1573 3952 1630 3997 et
1684 3942 1780 3998 all.
1829 3962 1918 4014 ap.
1967 3943 2186 3995 Meurs.
2239 3943 2312 3996 de
2347 3946 2559 4016 Areop.
2600 3964 2649 3999 ο.
2685 3947 2740 4000 5.

569 4018 1046 4143 affixit-sezuigistgr
1092 4020 1472 4091 Areopagitas
1519 4033 1751 4090 quoque
1787 4015 2183 4069 tantummodo
2222 4033 2256 4069 e
2288 4018 2741 4088 pentacosiome-

708 4190 806 4264 14)
844 4193 984 4248 vid.
1017 4193 1153 4248 infr.
1192 4213 1243 4249 ο.
1279 4198 1331 4252 7.
1367 4191 1418 4267 ᾖ.
1457 4195 1547 4251 66-

704 4300 797 4364 15)
834 4301 1212 4356 comitiorum
1262 4308 1320 4355 et
1356 4302 1698 4356 iudiciorum
1739 4268 2031 4354 mercedes
2070 4299 2247 4371 longo
2328 4308 2417 4353 ost
2456 4299 2734 4356 Solonem

561 4375 816 4444 tempore
851 4375 1140 4427 institutas
1178 4391 1306 4427 esse
1344 4380 1596 4428 constat:
1632 4372 1783 4426 idem
1824 4373 1895 4426 (le
1934 4376 2142 4427 ceteris
2178 4321 2478 4446 probabile
2519 4383 2623 4426 est.
